timestamp_ns,symbol,bid_px,ask_px,bid_qty,ask_qty
1700000000000000000,SYM0,99.9921,100.0021,474,483
1700000000001096531,SYM1,250.0226,250.0476,741,672
1700000000002168014,SYM2,50.0039,50.0139,588,615
1700000000003234252,SYM3,999.9761,1000.0762,367,397
1700000000004328103,SYM0,99.9774,99.9874,368,538
1700000000005328955,SYM1,250.0882,250.1132,504,419
1700000000006384348,SYM2,50.0008,50.0108,579,649
1700000000007396505,SYM3,999.9280,1000.0280,406,606
1700000000008441588,SYM0,99.9485,99.9585,359,476
1700000000009491204,SYM1,250.0267,250.0517,622,563
1700000000010573602,SYM2,49.9862,49.9962,333,330
1700000000011579609,SYM3,999.7822,999.8821,380,322
1700000000012590068,SYM0,99.9732,99.9832,310,393
1700000000013637888,SYM1,250.0643,250.0893,578,635
1700000000014725730,SYM2,49.9837,49.9937,1007,391
1700000000015748162,SYM3,999.5625,999.6624,401,476
1700000000016808752,SYM0,99.9293,99.9393,931,391
1700000000017898486,SYM1,250.0151,250.0401,396,790
1700000000018905818,SYM2,49.9840,49.9940,539,454
1700000000019933472,SYM3,999.7071,999.8071,696,408
1700000000021027571,SYM0,99.9178,99.9278,747,295
1700000000022087714,SYM1,250.0827,250.1077,554,568
1700000000023185362,SYM2,49.9768,49.9868,457,287
1700000000024237713,SYM3,999.4907,999.5907,256,1098
1700000000025255845,SYM0,99.9091,99.9191,496,574
1700000000026338086,SYM1,250.0898,250.1148,637,733
1700000000027416259,SYM2,49.9858,49.9958,560,722
1700000000028488772,SYM3,999.4847,999.5847,514,482
1700000000029583239,SYM0,99.9403,99.9503,754,501
1700000000030627827,SYM1,250.0042,250.0292,638,614
1700000000031687298,SYM2,50.0018,50.0118,504,429
1700000000032787170,SYM3,998.9603,999.0602,666,908
1700000000033869130,SYM0,99.9318,99.9418,752,437
1700000000034969074,SYM1,249.9860,250.0110,740,940
1700000000036038589,SYM2,50.0136,50.0236,409,432
1700000000037086166,SYM3,998.9672,999.0671,753,338
1700000000038126473,SYM0,99.9327,99.9427,624,447
1700000000039222406,SYM1,249.9777,250.0027,446,505
1700000000040322100,SYM2,50.0085,50.0185,484,338
1700000000041343744,SYM3,998.5591,998.6589,472,916
1700000000042399206,SYM0,99.9776,99.9876,428,507
1700000000043492654,SYM1,249.9012,249.9262,345,1238
1700000000044577835,SYM2,49.9935,50.0035,791,402
1700000000045586228,SYM3,998.6043,998.7042,405,702
1700000000046616390,SYM0,99.9755,99.9855,490,486
1700000000047625225,SYM1,249.8844,249.9094,818,358
1700000000048634513,SYM2,49.9855,49.9955,489,344
1700000000049729325,SYM3,998.6271,998.7269,715,428
1700000000050791279,SYM0,99.9765,99.9865,701,447
1700000000051877654,SYM1,249.8967,249.9217,375,570
1700000000052938868,SYM2,49.9877,49.9977,463,390
1700000000053946813,SYM3,998.3905,998.4904,399,584
1700000000054961136,SYM0,99.9766,99.9866,607,371
1700000000055997646,SYM1,249.9133,249.9383,275,576
1700000000057007527,SYM2,49.9691,49.9791,615,456
1700000000058078383,SYM3,998.3705,998.4704,751,253
1700000000059177155,SYM0,99.9836,99.9936,431,406
1700000000060229721,SYM1,249.9164,249.9414,579,450
1700000000061230004,SYM2,49.9769,49.9869,489,536
1700000000062285449,SYM3,998.1556,998.2554,426,316
1700000000063358295,SYM0,99.9715,99.9815,372,540
1700000000064365961,SYM1,249.9490,249.9740,359,418
1700000000065464000,SYM2,49.9756,49.9856,546,256
1700000000066533616,SYM3,998.2207,998.3205,760,946
1700000000067544117,SYM0,99.9760,99.9860,456,860
1700000000068597041,SYM1,249.9902,250.0152,792,769
1700000000069629313,SYM2,49.9731,49.9831,480,732
1700000000070703399,SYM3,998.3647,998.4645,249,452
1700000000071730172,SYM0,99.9676,99.9776,398,492
1700000000072814780,SYM1,250.0165,250.0415,461,641
1700000000073913329,SYM2,49.9744,49.9844,492,378
1700000000074926434,SYM3,998.1874,998.2873,602,548
1700000000075961195,SYM0,99.9801,99.9901,614,613
1700000000076998549,SYM1,250.0322,250.0572,682,804
1700000000078090764,SYM2,49.9651,49.9751,1129,568
1700000000079178303,SYM3,997.9581,998.0579,554,396
1700000000080265255,SYM0,100.0127,100.0227,725,472
1700000000081362566,SYM1,250.1368,250.1618,398,462
1700000000082441843,SYM2,49.9673,49.9773,652,399
1700000000083508088,SYM3,997.5971,997.6969,261,524
1700000000084514747,SYM0,100.0303,100.0403,594,497
1700000000085531894,SYM1,250.1410,250.1660,429,418
1700000000086629049,SYM2,49.9527,49.9627,591,436
1700000000087719623,SYM3,997.5608,997.6606,681,403
1700000000088768017,SYM0,100.0204,100.0304,459,598
1700000000089773247,SYM1,250.1718,250.1968,590,442
1700000000090805954,SYM2,49.9481,49.9581,392,283
1700000000091887306,SYM3,997.4114,997.5112,498,252
1700000000092918336,SYM0,100.0565,100.0665,269,629
1700000000093921585,SYM1,250.0759,250.1009,670,925
1700000000094975550,SYM2,49.9545,49.9645,283,546
1700000000096067468,SYM3,997.2656,997.3653,802,732
1700000000097129163,SYM0,100.0629,100.0729,861,390
1700000000098158995,SYM1,250.0865,250.1115,538,771
1700000000099211223,SYM2,49.9451,49.9551,848,634
1700000000100295304,SYM3,997.2323,997.3320,318,486
1700000000101365587,SYM0,100.0605,100.0706,531,590
1700000000102441687,SYM1,250.0593,250.0843,628,473
1700000000103455896,SYM2,49.9375,49.9475,427,537
1700000000104522930,SYM3,997.0243,997.1240,808,766
1700000000105547845,SYM0,100.0596,100.0696,800,990
1700000000106618421,SYM1,250.0605,250.0855,379,259
1700000000107715027,SYM2,49.9330,49.9430,389,746
1700000000108758307,SYM3,997.1497,997.2494,364,366
1700000000109774642,SYM0,100.0564,100.0664,389,447
1700000000110827386,SYM1,250.1083,250.1333,441,348
1700000000111852531,SYM2,49.9121,49.9221,703,375
1700000000112933208,SYM3,996.7633,996.8629,378,439
1700000000113933262,SYM0,100.0519,100.0619,607,547
1700000000114975500,SYM1,250.0416,250.0666,364,536
1700000000116003511,SYM2,49.8945,49.9045,481,803
1700000000117089868,SYM3,996.6820,996.7817,682,600
1700000000118172829,SYM0,100.0454,100.0554,456,616
1700000000119213517,SYM1,250.0308,250.0558,516,609
1700000000120216719,SYM2,49.9220,49.9320,640,337
1700000000121276412,SYM3,996.4626,996.5622,347,620
1700000000122301898,SYM0,100.0415,100.0515,374,436
1700000000123392027,SYM1,250.0474,250.0724,824,508
1700000000124405998,SYM2,49.9232,49.9332,406,583
1700000000125466888,SYM3,996.1727,996.2724,620,536
1700000000126482795,SYM0,100.0068,100.0168,578,321
1700000000127560843,SYM1,249.9184,249.9434,406,791
1700000000128618852,SYM2,49.9111,49.9211,366,284
1700000000129690663,SYM3,996.1615,996.2611,423,530
1700000000130752880,SYM0,99.9751,99.9851,583,569
1700000000131821208,SYM1,249.8843,249.9093,400,510
1700000000132878863,SYM2,49.9183,49.9283,561,482
1700000000133949662,SYM3,996.3347,996.4344,580,543
1700000000134999868,SYM0,99.9643,99.9743,321,663
1700000000136070990,SYM1,249.9044,249.9294,450,511
1700000000137126060,SYM2,49.9052,49.9152,694,528
1700000000138201517,SYM3,996.3216,996.4212,488,511
1700000000139247623,SYM0,99.9583,99.9683,664,778
1700000000140318169,SYM1,249.8446,249.8696,497,342
1700000000141397239,SYM2,49.9145,49.9245,406,475
1700000000142448208,SYM3,996.5490,996.6487,396,736
1700000000143501203,SYM0,99.9521,99.9621,283,1045
1700000000144571212,SYM1,249.7766,249.8016,672,525
1700000000145645188,SYM2,49.9123,49.9223,449,290
1700000000146669008,SYM3,996.7226,996.8222,660,547
1700000000147696751,SYM0,99.9347,99.9447,539,596
1700000000148752007,SYM1,249.7490,249.7739,499,566
1700000000149754548,SYM2,49.9123,49.9223,453,613
1700000000150763542,SYM3,996.6803,996.7800,544,326
1700000000151862401,SYM0,99.9495,99.9595,522,624
1700000000152893668,SYM1,249.6900,249.7150,683,687
1700000000153967589,SYM2,49.9228,49.9328,448,494
1700000000155047005,SYM3,996.8714,996.9711,338,366
1700000000156062018,SYM0,99.9516,99.9616,419,431
1700000000157102907,SYM1,249.7509,249.7759,279,370
1700000000158152100,SYM2,49.9102,49.9202,666,752
1700000000159234314,SYM3,997.0118,997.1115,510,794
1700000000160273844,SYM0,99.9675,99.9775,360,933
1700000000161279228,SYM1,249.8498,249.8748,416,648
1700000000162327800,SYM2,49.9233,49.9333,599,683
1700000000163392052,SYM3,997.0283,997.1280,912,800
1700000000164475360,SYM0,99.9848,99.9948,405,556
1700000000165543747,SYM1,249.8753,249.9003,630,475
1700000000166614287,SYM2,49.9250,49.9350,358,601
1700000000167656533,SYM3,996.7909,996.8905,700,317
1700000000168667893,SYM0,99.9808,99.9908,690,500
1700000000169755474,SYM1,249.8104,249.8354,474,525
1700000000170798075,SYM2,49.9279,49.9379,603,542
1700000000171876215,SYM3,996.6172,996.7168,464,397
1700000000172877546,SYM0,99.9679,99.9779,489,508
1700000000173950315,SYM1,249.8614,249.8864,511,315
1700000000175034975,SYM2,49.9253,49.9353,363,641
1700000000176087981,SYM3,996.6352,996.7348,456,393
1700000000177164207,SYM0,99.9506,99.9606,661,284
1700000000178236348,SYM1,250.0016,250.0266,398,752
1700000000179271858,SYM2,49.9228,49.9328,612,477
1700000000180369229,SYM3,996.4644,996.5641,304,446
1700000000181393497,SYM0,99.9624,99.9724,790,467
1700000000182493139,SYM1,250.0675,250.0925,392,481
1700000000183506316,SYM2,49.9269,49.9369,401,424
1700000000184599118,SYM3,996.5941,996.6938,395,475
1700000000185606265,SYM0,99.9332,99.9432,429,763
1700000000186670606,SYM1,250.1393,250.1643,519,514
1700000000187707875,SYM2,49.9164,49.9264,531,519
1700000000188770492,SYM3,996.6534,996.7531,543,537
1700000000189834947,SYM0,99.9583,99.9683,604,587
1700000000190908720,SYM1,250.1487,250.1737,563,480
1700000000191941251,SYM2,49.9289,49.9389,706,329
1700000000192970833,SYM3,996.4351,996.5347,524,374
1700000000194028862,SYM0,99.9505,99.9605,732,352
1700000000195036757,SYM1,250.1767,250.2017,341,365
1700000000196136731,SYM2,49.9307,49.9407,610,455
1700000000197159514,SYM3,996.3365,996.4362,423,472
1700000000198213060,SYM0,99.9250,99.9350,565,472
1700000000199305723,SYM1,250.2118,250.2368,442,894
1700000000200315053,SYM2,49.9220,49.9320,266,551
1700000000201401716,SYM3,996.0653,996.1649,534,414
1700000000202416760,SYM0,99.8972,99.9072,443,800
1700000000203426120,SYM1,250.1608,250.1859,820,607
1700000000204504114,SYM2,49.9219,49.9319,338,481
1700000000205594381,SYM3,996.1650,996.2646,451,666
1700000000206630065,SYM0,99.8739,99.8839,499,538
1700000000207686692,SYM1,250.1677,250.1928,480,333
1700000000208690083,SYM2,49.9433,49.9533,758,611
1700000000209692803,SYM3,995.9414,996.0410,782,499
1700000000210728129,SYM0,99.8438,99.8538,395,589
1700000000211786093,SYM1,250.2217,250.2467,589,454
1700000000212862814,SYM2,49.9265,49.9365,620,696
1700000000213916338,SYM3,995.8980,995.9976,399,736
1700000000214937418,SYM0,99.8291,99.8391,749,421
1700000000216037099,SYM1,250.3389,250.3639,365,451
1700000000217078324,SYM2,49.9264,49.9364,580,544
1700000000218078475,SYM3,995.5036,995.6031,407,365
1700000000219132641,SYM0,99.8518,99.8618,564,388
1700000000220190581,SYM1,250.2979,250.3230,506,408
1700000000221262569,SYM2,49.9320,49.9420,599,643
1700000000222266353,SYM3,995.3475,995.4471,749,466
1700000000223297719,SYM0,99.8475,99.8575,389,679
1700000000224327171,SYM1,250.3023,250.3274,969,484
1700000000225387654,SYM2,49.9457,49.9557,434,742
1700000000226425909,SYM3,995.7284,995.8279,393,493
1700000000227489152,SYM0,99.8623,99.8723,486,377
1700000000228567714,SYM1,250.2867,250.3118,270,484
1700000000229576865,SYM2,49.9428,49.9528,843,273
1700000000230643416,SYM3,995.9651,996.0647,498,510
1700000000231738581,SYM0,99.8544,99.8644,731,708
1700000000232758058,SYM1,250.2863,250.3114,360,560
1700000000233801632,SYM2,49.9309,49.9409,443,387
1700000000234826360,SYM3,996.0137,996.1133,623,486
1700000000235876557,SYM0,99.8579,99.8679,837,805
1700000000236968993,SYM1,250.3087,250.3338,642,429
1700000000238055985,SYM2,49.9347,49.9447,328,782
1700000000239072533,SYM3,996.4347,996.5344,334,497
1700000000240085688,SYM0,99.8731,99.8831,397,360
1700000000241180381,SYM1,250.2998,250.3248,727,806
1700000000242200614,SYM2,49.9503,49.9603,633,480
1700000000243252713,SYM3,996.7120,996.8117,354,311
1700000000244341103,SYM0,99.8855,99.8955,398,411
1700000000245440640,SYM1,250.3726,250.3976,344,514
1700000000246521572,SYM2,49.9631,49.9731,596,1243
1700000000247619453,SYM3,996.3839,996.4836,1007,781
1700000000248719117,SYM0,99.8584,99.8684,317,324
1700000000249722912,SYM1,250.3993,250.4244,835,582
1700000000250761365,SYM2,49.9564,49.9664,640,505
1700000000251850730,SYM3,996.5892,996.6889,524,419
1700000000252861081,SYM0,99.8433,99.8533,414,433
1700000000253937517,SYM1,250.3457,250.3707,615,649
1700000000254970807,SYM2,49.9421,49.9521,559,655
1700000000256008508,SYM3,996.4569,996.5565,462,426
1700000000257066407,SYM0,99.8990,99.9090,370,395
1700000000258156888,SYM1,250.4677,250.4927,499,892
1700000000259183000,SYM2,49.9616,49.9716,498,629
1700000000260230050,SYM3,996.5782,996.6779,216,326
1700000000261268747,SYM0,99.9363,99.9463,540,485
1700000000262358637,SYM1,250.4716,250.4966,576,225
1700000000263438120,SYM2,49.9611,49.9711,283,764
1700000000264468283,SYM3,996.3808,996.4805,401,420
1700000000265551726,SYM0,99.9418,99.9518,618,509
1700000000266640968,SYM1,250.3861,250.4111,624,349
1700000000267723211,SYM2,49.9559,49.9659,407,346
1700000000268819203,SYM3,996.4761,996.5758,781,810
1700000000269862027,SYM0,99.9416,99.9516,414,643
1700000000270909981,SYM1,250.4321,250.4572,260,439
1700000000271931549,SYM2,49.9550,49.9650,874,291
1700000000273029403,SYM3,996.5172,996.6169,725,337
1700000000274090789,SYM0,99.9524,99.9624,481,894
1700000000275185714,SYM1,250.4114,250.4364,435,382
1700000000276258763,SYM2,49.9433,49.9533,743,724
1700000000277318373,SYM3,996.5388,996.6385,356,721
1700000000278352736,SYM0,99.9203,99.9303,376,571
1700000000279383384,SYM1,250.4026,250.4276,331,538
1700000000280456969,SYM2,49.9368,49.9468,719,387
1700000000281517822,SYM3,996.3123,996.4119,619,435
1700000000282571339,SYM0,99.9248,99.9348,531,1316
1700000000283586560,SYM1,250.4411,250.4661,835,716
1700000000284604342,SYM2,49.9295,49.9395,602,776
1700000000285675147,SYM3,996.2161,996.3157,324,635
1700000000286695401,SYM0,99.9468,99.9568,374,615
1700000000287732068,SYM1,250.3812,250.4062,663,530
1700000000288790184,SYM2,49.9226,49.9326,538,288
1700000000289838332,SYM3,996.6421,996.7417,225,397
1700000000290885345,SYM0,99.9617,99.9717,546,1024
1700000000291944946,SYM1,250.3569,250.3820,594,559
1700000000293028766,SYM2,49.9209,49.9309,482,526
1700000000294045272,SYM3,996.4971,996.5968,523,410
1700000000295117914,SYM0,99.9654,99.9754,611,600
1700000000296137255,SYM1,250.3243,250.3493,550,337
1700000000297173598,SYM2,49.9244,49.9344,438,584
1700000000298196470,SYM3,996.6075,996.7072,795,733
1700000000299213746,SYM0,100.0006,100.0106,525,510
1700000000300236585,SYM1,250.3685,250.3935,492,584
1700000000301291762,SYM2,49.9081,49.9181,461,298
1700000000302359034,SYM3,996.6589,996.7586,380,416
1700000000303388073,SYM0,100.0062,100.0162,485,566
1700000000304456421,SYM1,250.2701,250.2951,435,752
1700000000305460504,SYM2,49.9187,49.9287,568,344
1700000000306524765,SYM3,996.8348,996.9345,463,364
1700000000307535355,SYM0,100.0012,100.0112,582,671
1700000000308612080,SYM1,250.3200,250.3450,387,461
1700000000309690382,SYM2,49.9079,49.9179,469,448
1700000000310782366,SYM3,996.7787,996.8784,694,666
1700000000311854631,SYM0,99.9987,100.0087,407,406
1700000000312899056,SYM1,250.3308,250.3558,575,382
1700000000313994688,SYM2,49.9166,49.9266,597,431
1700000000315014695,SYM3,996.6125,996.7122,438,365
1700000000316026653,SYM0,100.0030,100.0130,445,748
1700000000317043708,SYM1,250.3776,250.4026,344,435
1700000000318117317,SYM2,49.9029,49.9129,422,298
1700000000319215659,SYM3,996.8280,996.9277,276,682
1700000000320222403,SYM0,100.0296,100.0396,461,395
1700000000321250288,SYM1,250.4304,250.4554,607,664
1700000000322264473,SYM2,49.8954,49.9054,681,599
1700000000323294117,SYM3,996.9345,997.0342,613,290
1700000000324375608,SYM0,100.0079,100.0179,377,987
1700000000325466503,SYM1,250.4493,250.4744,489,603
1700000000326558608,SYM2,49.8971,49.9071,254,446
1700000000327577385,SYM3,997.0361,997.1358,378,442
1700000000328595981,SYM0,100.0049,100.0149,224,681
1700000000329645290,SYM1,250.4829,250.5079,393,570
1700000000330693794,SYM2,49.8938,49.9038,639,728
1700000000331700690,SYM3,996.9394,997.0391,662,758
1700000000332707213,SYM0,99.9975,100.0075,404,416
1700000000333765153,SYM1,250.4337,250.4588,417,556
1700000000334832308,SYM2,49.9018,49.9118,615,455
1700000000335896092,SYM3,997.2333,997.3330,387,478
1700000000336924996,SYM0,99.9761,99.9861,640,644
1700000000337952683,SYM1,250.4358,250.4608,528,301
1700000000338990622,SYM2,49.9012,49.9112,516,498
1700000000340040457,SYM3,997.1094,997.2091,404,478
1700000000341113691,SYM0,99.9942,100.0042,312,855
1700000000342119236,SYM1,250.4794,250.5044,367,569
1700000000343129442,SYM2,49.9097,49.9197,370,327
1700000000344184190,SYM3,996.9698,997.0695,463,672
1700000000345226759,SYM0,100.0171,100.0272,950,320
1700000000346274188,SYM1,250.4984,250.5235,818,677
1700000000347306080,SYM2,49.9004,49.9104,563,852
1700000000348403835,SYM3,997.1611,997.2608,432,628
1700000000349425873,SYM0,100.0423,100.0523,608,412
1700000000350471667,SYM1,250.4921,250.5172,319,918
1700000000351556267,SYM2,49.9033,49.9133,408,564
1700000000352635225,SYM3,997.2663,997.3660,668,757
1700000000353645102,SYM0,100.0575,100.0675,794,302
1700000000354744701,SYM1,250.4952,250.5203,335,402
1700000000355818691,SYM2,49.8850,49.8950,251,350
1700000000356860128,SYM3,997.7419,997.8417,533,548
1700000000357918090,SYM0,100.0333,100.0433,337,395
1700000000358927815,SYM1,250.4699,250.4949,442,678
1700000000359935272,SYM2,49.8795,49.8895,599,301
1700000000360947108,SYM3,997.3087,997.4084,382,394
1700000000362007757,SYM0,99.9898,99.9998,348,496
1700000000363082686,SYM1,250.4554,250.4804,429,403
1700000000364145028,SYM2,49.8544,49.8644,496,296
1700000000365190044,SYM3,997.4201,997.5198,566,493
1700000000366274734,SYM0,99.9969,100.0069,610,371
1700000000367343252,SYM1,250.4759,250.5010,401,416
1700000000368380332,SYM2,49.8413,49.8513,699,479
1700000000369463024,SYM3,997.3611,997.4608,467,457
1700000000370475412,SYM0,99.9784,99.9884,449,496
1700000000371554410,SYM1,250.5738,250.5989,603,412
1700000000372630791,SYM2,49.8298,49.8398,281,425
1700000000373717579,SYM3,997.6319,997.7317,365,644
1700000000374728684,SYM0,99.9713,99.9813,655,576
1700000000375816518,SYM1,250.4852,250.5102,404,249
1700000000376906357,SYM2,49.8336,49.8436,466,421
1700000000377908747,SYM3,997.4232,997.5230,442,577
1700000000378936822,SYM0,99.9527,99.9627,767,819
1700000000379957131,SYM1,250.7014,250.7265,834,654
1700000000380970388,SYM2,49.8212,49.8312,491,487
1700000000382057149,SYM3,997.1799,997.2796,383,774
1700000000383074326,SYM0,99.9432,99.9532,452,607
1700000000384156212,SYM1,250.7713,250.7964,533,422
1700000000385213579,SYM2,49.8303,49.8403,540,430
1700000000386293611,SYM3,996.6625,996.7622,448,813
1700000000387352453,SYM0,99.9447,99.9547,623,835
1700000000388377884,SYM1,250.7525,250.7775,306,855
1700000000389435634,SYM2,49.8224,49.8324,529,381
1700000000390456876,SYM3,996.8275,996.9272,623,305
1700000000391475017,SYM0,99.9493,99.9593,466,375
1700000000392488464,SYM1,250.7583,250.7834,458,352
1700000000393504806,SYM2,49.8187,49.8287,821,455
1700000000394524120,SYM3,997.2560,997.3558,533,445
1700000000395553223,SYM0,99.9662,99.9762,282,662
1700000000396605188,SYM1,250.7364,250.7614,401,498
1700000000397615885,SYM2,49.8171,49.8271,526,841
1700000000398701077,SYM3,997.0955,997.1952,458,577
1700000000399706098,SYM0,99.9576,99.9676,866,473
1700000000400798575,SYM1,250.7105,250.7356,332,541
1700000000401808960,SYM2,49.8240,49.8340,512,761
1700000000402888768,SYM3,997.4777,997.5774,433,487
1700000000403926531,SYM0,99.9583,99.9683,582,515
1700000000405008165,SYM1,250.7819,250.8070,434,519
1700000000406073679,SYM2,49.8225,49.8325,484,400
1700000000407092498,SYM3,997.4634,997.5631,497,508
1700000000408138743,SYM0,99.9596,99.9696,682,468
1700000000409186009,SYM1,250.7637,250.7888,698,581
1700000000410252506,SYM2,49.8252,49.8352,353,915
1700000000411258213,SYM3,997.5150,997.6148,286,264
1700000000412291460,SYM0,99.9593,99.9693,377,612
1700000000413377588,SYM1,250.7790,250.8041,349,344
1700000000414473951,SYM2,49.8254,49.8354,425,424
1700000000415558204,SYM3,997.6602,997.7600,633,795
1700000000416619104,SYM0,99.9819,99.9919,479,534
1700000000417712958,SYM1,250.8036,250.8287,527,360
1700000000418751421,SYM2,49.8307,49.8407,829,608
1700000000419792064,SYM3,997.5460,997.6457,203,458
1700000000420863241,SYM0,99.9765,99.9865,506,430
1700000000421869507,SYM1,250.7708,250.7959,598,408
1700000000422885823,SYM2,49.8339,49.8439,368,385
1700000000423936502,SYM3,997.6722,997.7720,451,588
1700000000425027213,SYM0,99.9311,99.9411,505,292
1700000000426122514,SYM1,250.7599,250.7850,376,578
1700000000427146167,SYM2,49.8255,49.8355,464,735
1700000000428186341,SYM3,997.8137,997.9135,318,586
1700000000429208184,SYM0,99.9242,99.9342,385,897
1700000000430254395,SYM1,250.7865,250.8116,393,404
1700000000431338212,SYM2,49.8495,49.8595,456,731
1700000000432385832,SYM3,997.9428,998.0426,303,479
1700000000433406802,SYM0,99.9348,99.9448,476,332
1700000000434411364,SYM1,250.7318,250.7569,583,584
1700000000435495927,SYM2,49.8430,49.8530,622,344
1700000000436584934,SYM3,997.8313,997.9311,379,546
1700000000437643123,SYM0,99.9370,99.9470,338,371
1700000000438728263,SYM1,250.7225,250.7476,436,1058
1700000000439731660,SYM2,49.8420,49.8520,351,373
1700000000440765972,SYM3,997.9984,998.0982,537,314
1700000000441794097,SYM0,99.9534,99.9634,497,676
1700000000442810172,SYM1,250.6933,250.7184,540,546
1700000000443832803,SYM2,49.8507,49.8607,412,736
1700000000444874693,SYM3,998.1567,998.2565,396,331
1700000000445946783,SYM0,99.9127,99.9227,423,662
1700000000447038563,SYM1,250.6298,250.6548,353,333
1700000000448105247,SYM2,49.8553,49.8653,1180,529
1700000000449170000,SYM3,998.0151,998.1149,728,532
1700000000450218354,SYM0,99.8569,99.8669,595,766
1700000000451226972,SYM1,250.7055,250.7306,324,1508
1700000000452321196,SYM2,49.8452,49.8552,521,359
1700000000453337623,SYM3,998.1558,998.2556,763,464
1700000000454396603,SYM0,99.8333,99.8433,540,738
1700000000455468864,SYM1,250.7736,250.7987,442,431
1700000000456485777,SYM2,49.8252,49.8352,655,578
1700000000457505834,SYM3,998.1908,998.2907,471,591
1700000000458598808,SYM0,99.8408,99.8508,1026,391
1700000000459609145,SYM1,250.7687,250.7938,499,765
1700000000460681345,SYM2,49.8230,49.8330,757,452
1700000000461765361,SYM3,998.1326,998.2324,709,932
1700000000462785572,SYM0,99.8541,99.8641,723,624
1700000000463859447,SYM1,250.7424,250.7675,892,582
1700000000464870094,SYM2,49.8367,49.8467,564,339
1700000000465945086,SYM3,997.9982,998.0980,345,619
1700000000467010365,SYM0,99.8733,99.8833,392,426
1700000000468042462,SYM1,250.7093,250.7344,583,325
1700000000469081448,SYM2,49.8222,49.8322,570,592
1700000000470142324,SYM3,998.1716,998.2714,561,740
1700000000471183295,SYM0,99.8846,99.8946,408,658
1700000000472235556,SYM1,250.7059,250.7309,608,617
1700000000473309173,SYM2,49.8280,49.8380,574,632
1700000000474327639,SYM3,998.3234,998.4233,613,576
1700000000475377991,SYM0,99.8983,99.9083,395,938
1700000000476420909,SYM1,250.6807,250.7058,775,411
1700000000477445791,SYM2,49.8289,49.8389,351,351
1700000000478486233,SYM3,998.3017,998.4016,438,501
1700000000479537777,SYM0,99.8462,99.8562,486,531
1700000000480544402,SYM1,250.7264,250.7515,461,743
1700000000481630158,SYM2,49.8251,49.8351,402,576
1700000000482647714,SYM3,998.3066,998.4065,715,361
1700000000483700570,SYM0,99.8327,99.8427,627,418
1700000000484773083,SYM1,250.7123,250.7374,465,666
1700000000485832112,SYM2,49.8258,49.8358,392,785
1700000000486847685,SYM3,998.2860,998.3858,548,551
1700000000487896601,SYM0,99.8378,99.8478,384,797
1700000000488922692,SYM1,250.6808,250.7059,392,416
1700000000489927969,SYM2,49.8310,49.8410,523,422
1700000000490987868,SYM3,998.4821,998.5820,728,833
1700000000492006190,SYM0,99.8248,99.8348,720,807
1700000000493103095,SYM1,250.8115,250.8366,623,357
1700000000494169590,SYM2,49.8368,49.8468,360,468
1700000000495171771,SYM3,998.3192,998.4190,368,695
1700000000496226368,SYM0,99.7940,99.8040,382,465
1700000000497229861,SYM1,250.7359,250.7609,412,436
1700000000498315791,SYM2,49.8404,49.8504,300,327
1700000000499392275,SYM3,998.1696,998.2694,347,522
1700000000500486802,SYM0,99.7661,99.7761,337,656
1700000000501490941,SYM1,250.7965,250.8216,329,407
1700000000502515948,SYM2,49.8490,49.8590,515,652
1700000000503569737,SYM3,998.4186,998.5184,330,497
1700000000504631552,SYM0,99.7888,99.7988,352,581
1700000000505658729,SYM1,250.8070,250.8321,186,336
1700000000506721431,SYM2,49.8404,49.8504,479,679
1700000000507766301,SYM3,998.8087,998.9086,324,439
1700000000508860795,SYM0,99.7736,99.7836,306,484
1700000000509893107,SYM1,250.8645,250.8896,477,641
1700000000510932116,SYM2,49.8425,49.8525,314,440
1700000000511995005,SYM3,998.5934,998.6933,332,882
1700000000513089595,SYM0,99.7721,99.7821,581,438
1700000000514141308,SYM1,250.8206,250.8456,682,253
1700000000515160507,SYM2,49.8404,49.8504,635,470
1700000000516218491,SYM3,998.4139,998.5137,378,330
1700000000517246539,SYM0,99.7795,99.7895,714,763
1700000000518264532,SYM1,250.7889,250.8140,732,683
1700000000519295896,SYM2,49.8411,49.8511,781,328
1700000000520302777,SYM3,998.3587,998.4586,621,585
1700000000521364696,SYM0,99.8071,99.8171,677,730
1700000000522385398,SYM1,250.7910,250.8161,278,736
1700000000523447749,SYM2,49.8346,49.8446,514,646
1700000000524532409,SYM3,998.3192,998.4191,806,602
1700000000525617908,SYM0,99.7850,99.7950,423,444
1700000000526640855,SYM1,250.6749,250.6999,304,663
1700000000527645619,SYM2,49.8446,49.8546,497,247
1700000000528683561,SYM3,998.3328,998.4327,514,485
1700000000529758005,SYM0,99.7484,99.7584,330,422
1700000000530842064,SYM1,250.7224,250.7474,356,455
1700000000531859654,SYM2,49.8512,49.8612,381,526
1700000000532880953,SYM3,998.4242,998.5241,474,325
1700000000533975142,SYM0,99.7612,99.7712,785,551
1700000000535074401,SYM1,250.6595,250.6846,577,735
1700000000536158121,SYM2,49.8661,49.8761,356,440
1700000000537245842,SYM3,998.4161,998.5159,1007,806
1700000000538308423,SYM0,99.7544,99.7644,612,492
1700000000539407220,SYM1,250.6962,250.7213,485,652
1700000000540483565,SYM2,49.8659,49.8759,478,384
1700000000541491708,SYM3,998.1638,998.2636,423,373
1700000000542512643,SYM0,99.7349,99.7449,609,723
1700000000543553404,SYM1,250.6483,250.6734,427,335
1700000000544592076,SYM2,49.8611,49.8711,584,695
1700000000545651711,SYM3,998.1035,998.2033,497,332
1700000000546706217,SYM0,99.7218,99.7318,265,512
1700000000547734845,SYM1,250.5582,250.5833,517,318
1700000000548812940,SYM2,49.8640,49.8740,457,321
1700000000549823178,SYM3,998.2058,998.3056,567,464
1700000000550894960,SYM0,99.7328,99.7428,445,419
1700000000551963163,SYM1,250.5514,250.5764,327,587
1700000000553057131,SYM2,49.8602,49.8702,468,290
1700000000554116564,SYM3,998.1821,998.2819,616,628
1700000000555190477,SYM0,99.7536,99.7636,562,591
1700000000556242375,SYM1,250.4761,250.5012,499,511
1700000000557270936,SYM2,49.8576,49.8676,478,470
1700000000558278834,SYM3,998.2422,998.3420,554,477
1700000000559340710,SYM0,99.7736,99.7836,531,531
1700000000560436300,SYM1,250.3914,250.4164,413,389
1700000000561486433,SYM2,49.8365,49.8465,618,457
1700000000562573176,SYM3,998.2990,998.3989,559,446
1700000000563618759,SYM0,99.8197,99.8297,947,442
1700000000564647948,SYM1,250.4077,250.4327,645,323
1700000000565687056,SYM2,49.8210,49.8310,558,385
1700000000566717159,SYM3,998.3885,998.4883,502,659
1700000000567753289,SYM0,99.8351,99.8451,881,503
1700000000568839823,SYM1,250.3949,250.4199,319,641
1700000000569841874,SYM2,49.8212,49.8312,559,381
1700000000570929958,SYM3,998.2676,998.3675,486,456
1700000000572027023,SYM0,99.8557,99.8657,546,307
1700000000573034422,SYM1,250.3742,250.3992,916,1041
1700000000574065115,SYM2,49.8277,49.8377,320,421
1700000000575153266,SYM3,998.5123,998.6122,548,409
1700000000576172044,SYM0,99.8799,99.8899,483,406
1700000000577245015,SYM1,250.3949,250.4200,897,410
1700000000578267971,SYM2,49.8203,49.8303,399,223
1700000000579352292,SYM3,998.5270,998.6269,389,314
1700000000580394070,SYM0,99.8731,99.8831,374,471
1700000000581464578,SYM1,250.4253,250.4503,281,550
1700000000582503997,SYM2,49.8238,49.8338,438,452
1700000000583558088,SYM3,998.5429,998.6427,727,462
1700000000584575664,SYM0,99.8614,99.8714,580,471
1700000000585634619,SYM1,250.4431,250.4681,539,448
1700000000586729592,SYM2,49.8254,49.8354,458,372
1700000000587734776,SYM3,998.7327,998.8326,572,435
1700000000588834614,SYM0,99.8360,99.8460,395,521
1700000000589878257,SYM1,250.4766,250.5017,403,929
1700000000590906020,SYM2,49.8489,49.8589,372,1199
1700000000591968794,SYM3,999.2617,999.3616,744,394
1700000000593061039,SYM0,99.8485,99.8585,947,305
1700000000594110934,SYM1,250.4488,250.4739,327,547
1700000000595151360,SYM2,49.8480,49.8580,715,436
1700000000596246049,SYM3,999.2632,999.3631,284,557
1700000000597272674,SYM0,99.8343,99.8443,626,411
1700000000598291801,SYM1,250.4353,250.4603,730,519
1700000000599368352,SYM2,49.8389,49.8489,430,583
1700000000600418139,SYM3,999.4095,999.5094,407,454
1700000000601490313,SYM0,99.8172,99.8272,343,487
1700000000602585152,SYM1,250.5282,250.5532,401,381
1700000000603607203,SYM2,49.8379,49.8479,378,635
1700000000604631327,SYM3,999.6031,999.7031,692,414
1700000000605715451,SYM0,99.8406,99.8506,453,532
1700000000606803036,SYM1,250.5115,250.5365,516,505
1700000000607821058,SYM2,49.8419,49.8519,416,494
1700000000608887346,SYM3,999.5770,999.6770,451,514
1700000000609970935,SYM0,99.8268,99.8368,348,354
1700000000610971802,SYM1,250.5176,250.5426,369,469
1700000000611973995,SYM2,49.8340,49.8440,478,528
1700000000613065465,SYM3,999.5718,999.6717,389,308
1700000000614088962,SYM0,99.8339,99.8439,543,561
1700000000615157966,SYM1,250.5439,250.5690,497,661
1700000000616209989,SYM2,49.8562,49.8662,717,402
1700000000617301378,SYM3,999.6098,999.7098,535,784
1700000000618311945,SYM0,99.8114,99.8214,306,504
1700000000619361656,SYM1,250.5218,250.5468,391,634
1700000000620445116,SYM2,49.8623,49.8723,505,363
1700000000621488537,SYM3,999.6100,999.7100,290,393
1700000000622501037,SYM0,99.8468,99.8568,330,542
1700000000623591777,SYM1,250.6287,250.6538,647,400
1700000000624597880,SYM2,49.8758,49.8858,405,465
1700000000625684140,SYM3,999.8557,999.9557,981,576
1700000000626725361,SYM0,99.8603,99.8703,510,704
1700000000627777567,SYM1,250.7019,250.7270,628,448
1700000000628851487,SYM2,49.8769,49.8869,882,306
1700000000629894968,SYM3,1000.1290,1000.2290,346,694
1700000000630985318,SYM0,99.8565,99.8665,352,551
1700000000632042609,SYM1,250.6992,250.7243,506,562
1700000000633121930,SYM2,49.8799,49.8899,238,331
1700000000634125814,SYM3,1000.3373,1000.4374,352,337
1700000000635184869,SYM0,99.8378,99.8478,508,673
1700000000636273958,SYM1,250.6799,250.7050,388,430
1700000000637355042,SYM2,49.8778,49.8878,620,618
1700000000638404850,SYM3,1000.4078,1000.5078,451,330
1700000000639501799,SYM0,99.8233,99.8333,599,913
1700000000640560092,SYM1,250.7452,250.7703,429,600
1700000000641577460,SYM2,49.8868,49.8968,590,357
1700000000642590999,SYM3,1000.3237,1000.4238,659,523
1700000000643603198,SYM0,99.7946,99.8046,370,515
1700000000644657437,SYM1,250.7392,250.7643,454,542
1700000000645730777,SYM2,49.9097,49.9197,313,424
1700000000646780681,SYM3,1000.2704,1000.3705,560,615
1700000000647815862,SYM0,99.7874,99.7974,502,375
1700000000648879332,SYM1,250.7602,250.7852,529,378
1700000000649911654,SYM2,49.9075,49.9175,354,390
1700000000650929413,SYM3,1000.1223,1000.2223,390,995
1700000000651972958,SYM0,99.7980,99.8080,390,616
1700000000653029400,SYM1,250.7190,250.7441,634,289
1700000000654107309,SYM2,49.9133,49.9233,610,604
1700000000655148490,SYM3,1000.0788,1000.1788,571,656
1700000000656190321,SYM0,99.7901,99.8001,781,337
1700000000657222097,SYM1,250.7227,250.7478,447,620
1700000000658273600,SYM2,49.8980,49.9080,842,688
1700000000659297184,SYM3,1000.7322,1000.8323,427,354
1700000000660392502,SYM0,99.7597,99.7697,559,397
1700000000661483314,SYM1,250.7384,250.7635,847,638
1700000000662536942,SYM2,49.8954,49.9054,432,464
1700000000663557146,SYM3,1000.8767,1000.9768,445,298
1700000000664566841,SYM0,99.7341,99.7441,567,362
1700000000665657505,SYM1,250.7078,250.7329,465,520
1700000000666704630,SYM2,49.8900,49.9000,296,287
1700000000667718966,SYM3,1000.6300,1000.7300,526,323
1700000000668765498,SYM0,99.7479,99.7579,714,335
1700000000669850268,SYM1,250.6799,250.7049,333,672
1700000000670906689,SYM2,49.8935,49.9035,544,545
1700000000671979827,SYM3,1000.9566,1001.0567,354,413
1700000000673038257,SYM0,99.7322,99.7422,634,410
1700000000674058016,SYM1,250.6105,250.6356,481,528
1700000000675071720,SYM2,49.8872,49.8972,955,812
1700000000676167423,SYM3,1001.1506,1001.2508,588,611
1700000000677227105,SYM0,99.7374,99.7474,350,462
1700000000678321739,SYM1,250.6290,250.6541,458,390
1700000000679361096,SYM2,49.9023,49.9123,569,656
1700000000680375431,SYM3,1001.1766,1001.2767,461,425
1700000000681472489,SYM0,99.7379,99.7479,601,614
1700000000682533052,SYM1,250.6833,250.7083,517,677
1700000000683557229,SYM2,49.9080,49.9180,749,338
1700000000684583093,SYM3,1001.3764,1001.4765,369,552
1700000000685583677,SYM0,99.7341,99.7441,411,504
1700000000686591878,SYM1,250.5921,250.6172,310,388
1700000000687662250,SYM2,49.9114,49.9214,639,398
1700000000688726408,SYM3,1001.4175,1001.5177,327,464
1700000000689804655,SYM0,99.7189,99.7289,606,617
1700000000690864668,SYM1,250.6228,250.6479,332,345
1700000000691957204,SYM2,49.9184,49.9284,264,342
1700000000692998254,SYM3,1001.2570,1001.3572,604,594
1700000000694022247,SYM0,99.7112,99.7212,562,367
1700000000695097588,SYM1,250.6664,250.6914,433,568
1700000000696180885,SYM2,49.8967,49.9067,427,591
1700000000697202757,SYM3,1001.2049,1001.3051,424,505
1700000000698243990,SYM0,99.7263,99.7363,352,816
1700000000699307509,SYM1,250.5740,250.5991,717,758
1700000000700381117,SYM2,49.8850,49.8950,494,441
1700000000701439294,SYM3,1001.0146,1001.1147,441,504
1700000000702443339,SYM0,99.7303,99.7403,408,616
1700000000703481176,SYM1,250.5813,250.6064,588,667
1700000000704578500,SYM2,49.8866,49.8966,353,338
1700000000705613613,SYM3,1000.9969,1001.0970,545,288
1700000000706661699,SYM0,99.6979,99.7079,438,510
1700000000707690344,SYM1,250.5274,250.5524,574,495
1700000000708776023,SYM2,49.8867,49.8967,388,694
1700000000709821712,SYM3,1000.9960,1001.0961,543,453
1700000000710837099,SYM0,99.7003,99.7103,402,580
1700000000711883057,SYM1,250.4654,250.4905,651,364
1700000000712939178,SYM2,49.8895,49.8995,576,528
1700000000713946959,SYM3,1001.1273,1001.2274,357,427
1700000000715025191,SYM0,99.6832,99.6932,469,465
1700000000716060233,SYM1,250.4257,250.4508,705,449
1700000000717149271,SYM2,49.8916,49.9016,430,500
1700000000718157042,SYM3,1000.9211,1001.0212,912,485
1700000000719173674,SYM0,99.6800,99.6900,429,587
1700000000720206122,SYM1,250.4609,250.4859,516,319
1700000000721270277,SYM2,49.9005,49.9105,695,408
1700000000722280176,SYM3,1000.7814,1000.8815,330,315
1700000000723292379,SYM0,99.6528,99.6628,665,405
1700000000724351977,SYM1,250.3644,250.3894,644,460
1700000000725352302,SYM2,49.9136,49.9236,326,976
1700000000726435512,SYM3,1001.0773,1001.1774,432,392
1700000000727443813,SYM0,99.6585,99.6685,374,865
1700000000728508657,SYM1,250.3458,250.3708,468,874
1700000000729552928,SYM2,49.9086,49.9186,477,686
1700000000730642392,SYM3,1000.7951,1000.8952,503,456
1700000000731724467,SYM0,99.6631,99.6731,361,761
1700000000732782308,SYM1,250.4154,250.4404,204,642
1700000000733838381,SYM2,49.9131,49.9231,774,670
1700000000734859219,SYM3,1001.0089,1001.1090,770,323
1700000000735871454,SYM0,99.6546,99.6646,414,318
1700000000736893150,SYM1,250.4935,250.5186,744,571
1700000000737988307,SYM2,49.9108,49.9208,406,384
1700000000738988450,SYM3,1000.7502,1000.8503,513,562
1700000000740066265,SYM0,99.6591,99.6691,782,793
1700000000741082072,SYM1,250.4980,250.5231,684,488
1700000000742099397,SYM2,49.9037,49.9137,515,791
1700000000743112924,SYM3,1000.9431,1001.0432,393,884
1700000000744130898,SYM0,99.6320,99.6420,723,676
1700000000745219652,SYM1,250.4471,250.4722,629,667
1700000000746220763,SYM2,49.8991,49.9091,445,441
1700000000747318841,SYM3,1001.0546,1001.1547,598,643
1700000000748408831,SYM0,99.6190,99.6290,538,570
1700000000749424974,SYM1,250.4305,250.4555,389,427
1700000000750481255,SYM2,49.8969,49.9069,581,489
1700000000751553790,SYM3,1001.1374,1001.2375,339,376
1700000000752591136,SYM0,99.6245,99.6345,318,644
1700000000753630674,SYM1,250.3705,250.3956,559,741
1700000000754655401,SYM2,49.8968,49.9068,388,914
1700000000755686772,SYM3,1001.2812,1001.3814,431,502
1700000000756752254,SYM0,99.6196,99.6296,457,518
1700000000757799584,SYM1,250.3655,250.3906,578,468
1700000000758874083,SYM2,49.8858,49.8958,598,585
1700000000759883651,SYM3,1001.4812,1001.5813,559,505
1700000000760918017,SYM0,99.6292,99.6392,970,665
1700000000761955568,SYM1,250.3495,250.3746,391,387
1700000000763010020,SYM2,49.8768,49.8868,575,394
1700000000764030033,SYM3,1001.2890,1001.3891,478,644
1700000000765097051,SYM0,99.6766,99.6866,339,580
1700000000766173917,SYM1,250.3864,250.4115,342,326
1700000000767263185,SYM2,49.8714,49.8814,408,251
1700000000768294464,SYM3,1001.4788,1001.5790,563,523
1700000000769351413,SYM0,99.6971,99.7071,658,759
1700000000770437666,SYM1,250.4116,250.4366,495,429
1700000000771530452,SYM2,49.8724,49.8824,517,379
1700000000772598246,SYM3,1001.4830,1001.5831,551,312
1700000000773620131,SYM0,99.6741,99.6841,716,703
1700000000774635605,SYM1,250.3535,250.3785,504,464
1700000000775691878,SYM2,49.8719,49.8819,557,455
1700000000776701980,SYM3,1001.2277,1001.3278,349,504
1700000000777709247,SYM0,99.6483,99.6583,500,428
1700000000778722735,SYM1,250.3819,250.4069,712,379
1700000000779737853,SYM2,49.8735,49.8835,712,888
1700000000780769907,SYM3,1001.3368,1001.4369,657,542
1700000000781789579,SYM0,99.6702,99.6802,994,847
1700000000782883168,SYM1,250.4018,250.4268,490,365
1700000000783925348,SYM2,49.8738,49.8838,974,393
1700000000785000261,SYM3,1001.6758,1001.7759,390,644
1700000000786007165,SYM0,99.6856,99.6956,815,1047
1700000000787016200,SYM1,250.3873,250.4123,769,328
1700000000788056924,SYM2,49.8679,49.8779,700,611
1700000000789130824,SYM3,1001.6825,1001.7827,555,309
1700000000790162620,SYM0,99.6596,99.6696,547,298
1700000000791188235,SYM1,250.3909,250.4159,479,343
1700000000792220365,SYM2,49.8814,49.8914,879,724
1700000000793303720,SYM3,1001.7199,1001.8201,693,297
1700000000794347632,SYM0,99.6888,99.6988,502,662
1700000000795361257,SYM1,250.3253,250.3503,634,1139
1700000000796416284,SYM2,49.8779,49.8879,502,802
1700000000797428478,SYM3,1001.7139,1001.8141,616,530
1700000000798496604,SYM0,99.6526,99.6626,696,309
1700000000799572727,SYM1,250.3467,250.3718,570,547
1700000000800624416,SYM2,49.8894,49.8994,596,245
1700000000801655451,SYM3,1001.9193,1002.0195,429,880
1700000000802706957,SYM0,99.6427,99.6527,313,452
1700000000803716747,SYM1,250.3830,250.4081,582,472
1700000000804793386,SYM2,49.8931,49.9031,546,390
1700000000805809212,SYM3,1001.9735,1002.0737,234,420
1700000000806836428,SYM0,99.6215,99.6315,552,540
1700000000807926351,SYM1,250.3656,250.3906,427,777
1700000000809005428,SYM2,49.9114,49.9214,576,470
1700000000810037963,SYM3,1002.0509,1002.1511,671,471
1700000000811044380,SYM0,99.6146,99.6246,405,539
1700000000812097385,SYM1,250.3649,250.3899,631,369
1700000000813169491,SYM2,49.9115,49.9215,698,528
1700000000814171059,SYM3,1001.9472,1002.0474,811,609
1700000000815200195,SYM0,99.6399,99.6499,752,372
1700000000816284696,SYM1,250.4157,250.4407,705,611
1700000000817294525,SYM2,49.9151,49.9251,507,652
1700000000818311406,SYM3,1001.8225,1001.9226,813,686
1700000000819354863,SYM0,99.6741,99.6841,823,955
1700000000820411638,SYM1,250.4513,250.4763,569,381
1700000000821415503,SYM2,49.9073,49.9173,618,335
1700000000822451546,SYM3,1002.1704,1002.2706,445,921
1700000000823456088,SYM0,99.6533,99.6633,380,404
1700000000824528268,SYM1,250.4042,250.4293,440,508
1700000000825578471,SYM2,49.9116,49.9216,582,657
1700000000826661146,SYM3,1002.0081,1002.1083,727,493
1700000000827663706,SYM0,99.6880,99.6980,482,394
1700000000828727234,SYM1,250.4529,250.4779,402,689
1700000000829769388,SYM2,49.9068,49.9168,564,457
1700000000830806211,SYM3,1002.1360,1002.2362,1187,697
1700000000831875605,SYM0,99.6715,99.6815,681,509
1700000000832908093,SYM1,250.4822,250.5073,438,410
1700000000834004701,SYM2,49.9382,49.9482,706,558
1700000000835055613,SYM3,1002.5169,1002.6172,351,787
1700000000836078382,SYM0,99.6835,99.6935,716,587
1700000000837155920,SYM1,250.4095,250.4346,790,542
1700000000838230324,SYM2,49.9264,49.9364,430,700
1700000000839294842,SYM3,1003.0691,1003.1694,417,476
1700000000840299818,SYM0,99.6957,99.7057,562,537
1700000000841299908,SYM1,250.4696,250.4947,407,717
1700000000842317012,SYM2,49.9230,49.9330,585,607
1700000000843324819,SYM3,1002.6870,1002.7873,742,528
1700000000844343386,SYM0,99.7016,99.7116,281,815
1700000000845392354,SYM1,250.3718,250.3969,441,327
1700000000846469165,SYM2,49.9298,49.9398,581,560
1700000000847526427,SYM3,1002.7758,1002.8761,609,239
1700000000848611517,SYM0,99.6888,99.6988,767,279
1700000000849691958,SYM1,250.3319,250.3569,525,406
1700000000850769153,SYM2,49.9337,49.9437,382,487
1700000000851792446,SYM3,1002.6091,1002.7094,453,242
1700000000852867529,SYM0,99.6390,99.6490,917,539
1700000000853946486,SYM1,250.3291,250.3542,398,821
1700000000855026621,SYM2,49.9360,49.9460,731,582
1700000000856124315,SYM3,1002.5664,1002.6666,638,569
1700000000857166195,SYM0,99.6595,99.6695,860,745
1700000000858249964,SYM1,250.3707,250.3958,482,382
1700000000859251458,SYM2,49.9353,49.9453,626,617
1700000000860265619,SYM3,1002.6302,1002.7304,491,455
1700000000861323058,SYM0,99.6537,99.6637,227,649
1700000000862372697,SYM1,250.3320,250.3571,420,631
1700000000863435545,SYM2,49.9385,49.9485,341,505
1700000000864494697,SYM3,1002.4870,1002.5872,840,647
1700000000865533352,SYM0,99.6691,99.6791,514,621
1700000000866582565,SYM1,250.3600,250.3851,532,552
1700000000867594769,SYM2,49.9232,49.9332,1049,721
1700000000868651304,SYM3,1002.2924,1002.3926,591,469
1700000000869708216,SYM0,99.6742,99.6842,561,527
1700000000870799599,SYM1,250.3913,250.4163,262,398
1700000000871870395,SYM2,49.9225,49.9325,637,503
1700000000872945339,SYM3,1002.3562,1002.4564,358,449
1700000000873952484,SYM0,99.6607,99.6707,637,442
1700000000875031156,SYM1,250.4622,250.4872,437,508
1700000000876058282,SYM2,49.9264,49.9364,622,826
1700000000877098699,SYM3,1002.5464,1002.6466,538,359
1700000000878185343,SYM0,99.6580,99.6680,767,401
1700000000879235340,SYM1,250.4935,250.5186,400,634
1700000000880269851,SYM2,49.9192,49.9292,545,611
1700000000881289660,SYM3,1002.3257,1002.4259,503,320
1700000000882300894,SYM0,99.6402,99.6502,311,324
1700000000883330715,SYM1,250.5368,250.5619,290,413
1700000000884399211,SYM2,49.9084,49.9184,599,628
1700000000885430098,SYM3,1002.1568,1002.2571,443,509
1700000000886523724,SYM0,99.6655,99.6755,544,339
1700000000887605025,SYM1,250.5299,250.5550,776,898
1700000000888663882,SYM2,49.9218,49.9318,1075,855
1700000000889680422,SYM3,1002.0934,1002.1936,561,516
1700000000890769961,SYM0,99.6026,99.6126,751,336
1700000000891803763,SYM1,250.4619,250.4869,407,774
1700000000892812547,SYM2,49.9327,49.9427,610,285
1700000000893880664,SYM3,1001.9665,1002.0667,277,585
1700000000894972469,SYM0,99.5853,99.5953,387,381
1700000000895991894,SYM1,250.4870,250.5120,348,425
1700000000897005028,SYM2,49.9441,49.9541,419,609
1700000000898075235,SYM3,1002.0641,1002.1643,783,328
1700000000899109856,SYM0,99.5682,99.5782,630,468
1700000000900145956,SYM1,250.4782,250.5032,355,634
1700000000901235192,SYM2,49.9431,49.9531,461,614
1700000000902266332,SYM3,1001.9491,1002.0493,691,554
1700000000903301536,SYM0,99.5714,99.5814,482,555
1700000000904338282,SYM1,250.4394,250.4644,693,304
1700000000905428047,SYM2,49.9596,49.9696,709,857
1700000000906486127,SYM3,1002.3543,1002.4546,520,385
1700000000907581653,SYM0,99.5466,99.5566,620,540
1700000000908635022,SYM1,250.4713,250.4964,485,301
1700000000909684032,SYM2,49.9648,49.9748,361,575
1700000000910750459,SYM3,1002.4999,1002.6001,325,673
1700000000911819179,SYM0,99.5501,99.5601,475,610
1700000000912826733,SYM1,250.5600,250.5851,500,696
1700000000913873969,SYM2,49.9625,49.9725,397,585
1700000000914957254,SYM3,1002.2870,1002.3872,747,404
1700000000915988966,SYM0,99.5315,99.5415,667,652
1700000000917065890,SYM1,250.6511,250.6761,384,458
1700000000918099794,SYM2,49.9624,49.9724,316,468
1700000000919121147,SYM3,1002.4804,1002.5806,686,330
1700000000920149239,SYM0,99.5494,99.5594,356,450
1700000000921202914,SYM1,250.6154,250.6405,274,475
1700000000922292332,SYM2,49.9844,49.9944,518,391
1700000000923293442,SYM3,1002.2632,1002.3634,534,749
1700000000924333480,SYM0,99.5421,99.5521,316,451
1700000000925379187,SYM1,250.7206,250.7457,407,527
1700000000926418790,SYM2,49.9762,49.9862,302,447
1700000000927485836,SYM3,1002.3192,1002.4195,1092,498
1700000000928534888,SYM0,99.5174,99.5274,429,455
1700000000929598031,SYM1,250.7952,250.8202,1140,709
1700000000930681996,SYM2,49.9725,49.9825,620,331
1700000000931767386,SYM3,1001.9085,1002.0087,474,588
1700000000932798883,SYM0,99.5465,99.5565,363,570
1700000000933885461,SYM1,250.7309,250.7560,466,580
1700000000934888798,SYM2,49.9531,49.9631,211,490
1700000000935939690,SYM3,1002.1169,1002.2171,483,336
1700000000937014669,SYM0,99.5538,99.5638,388,450
1700000000938098335,SYM1,250.6566,250.6816,576,264
1700000000939186399,SYM2,49.9478,49.9578,608,617
1700000000940259570,SYM3,1002.3740,1002.4743,529,565
1700000000941276340,SYM0,99.5520,99.5620,308,269
1700000000942365432,SYM1,250.6165,250.6415,711,386
1700000000943394564,SYM2,49.9377,49.9477,739,415
1700000000944437991,SYM3,1002.7048,1002.8050,379,666
1700000000945498778,SYM0,99.5654,99.5754,380,651
1700000000946580129,SYM1,250.5671,250.5921,882,656
1700000000947645728,SYM2,49.9487,49.9587,681,368
1700000000948665491,SYM3,1002.6662,1002.7664,569,582
1700000000949719125,SYM0,99.6073,99.6173,475,590
1700000000950812930,SYM1,250.5648,250.5898,526,559
1700000000951856529,SYM2,49.9445,49.9545,435,490
1700000000952892381,SYM3,1002.6516,1002.7519,569,824
1700000000953967916,SYM0,99.6094,99.6194,353,505
1700000000955048458,SYM1,250.5433,250.5684,373,568
1700000000956104692,SYM2,49.9541,49.9641,469,607
1700000000957153596,SYM3,1002.6830,1002.7833,912,411
1700000000958252798,SYM0,99.6159,99.6259,422,414
1700000000959285412,SYM1,250.4803,250.5053,547,917
1700000000960326319,SYM2,49.9608,49.9708,619,428
1700000000961332312,SYM3,1002.6189,1002.7192,464,633
1700000000962427711,SYM0,99.5918,99.6018,477,329
1700000000963445248,SYM1,250.5112,250.5363,350,857
1700000000964492336,SYM2,49.9608,49.9708,417,789
1700000000965494843,SYM3,1002.4165,1002.5167,533,807
1700000000966512041,SYM0,99.5928,99.6028,531,428
1700000000967605248,SYM1,250.5105,250.5355,476,467
1700000000968689177,SYM2,49.9604,49.9704,724,1262
1700000000969775943,SYM3,1002.6115,1002.7118,779,715
1700000000970782266,SYM0,99.5852,99.5952,374,379
1700000000971844447,SYM1,250.5536,250.5786,470,411
1700000000972934329,SYM2,49.9546,49.9646,415,396
1700000000973969716,SYM3,1002.3603,1002.4606,358,361
1700000000975024613,SYM0,99.5897,99.5997,441,485
1700000000976039557,SYM1,250.5290,250.5540,539,354
1700000000977119381,SYM2,49.9570,49.9670,624,409
1700000000978211582,SYM3,1002.3409,1002.4411,430,549
1700000000979283428,SYM0,99.5761,99.5861,502,639
1700000000980283787,SYM1,250.5107,250.5357,568,505
1700000000981298262,SYM2,49.9646,49.9746,340,540
1700000000982365333,SYM3,1002.4110,1002.5113,767,622
1700000000983398874,SYM0,99.5626,99.5726,385,630
1700000000984405439,SYM1,250.5051,250.5301,581,557
1700000000985410610,SYM2,49.9703,49.9803,398,434
1700000000986425802,SYM3,1002.2218,1002.3220,759,664
1700000000987431817,SYM0,99.5734,99.5834,504,425
1700000000988489190,SYM1,250.4694,250.4944,627,468
1700000000989585275,SYM2,49.9856,49.9956,677,566
1700000000990645115,SYM3,1002.4069,1002.5071,480,670
1700000000991707800,SYM0,99.5823,99.5923,330,521
1700000000992799049,SYM1,250.4459,250.4709,441,216
1700000000993819942,SYM2,50.0031,50.0131,746,339
1700000000994877373,SYM3,1002.4351,1002.5354,565,652
1700000000995924376,SYM0,99.5520,99.5620,340,711
1700000000996941502,SYM1,250.3906,250.4156,354,518
1700000000997995410,SYM2,49.9997,50.0097,520,486
1700000000999084268,SYM3,1002.4090,1002.5092,306,463
1700000001000179135,SYM0,99.5015,99.5115,359,438
1700000001001247700,SYM1,250.3507,250.3758,427,340
1700000001002304435,SYM2,49.9957,50.0057,412,387
1700000001003354882,SYM3,1002.6573,1002.7575,698,785
1700000001004435218,SYM0,99.5284,99.5384,577,689
1700000001005500209,SYM1,250.4319,250.4570,542,458
1700000001006564651,SYM2,49.9919,50.0019,637,469
1700000001007636806,SYM3,1002.8921,1002.9923,413,393
1700000001008667608,SYM0,99.5474,99.5574,583,445
1700000001009732942,SYM1,250.4224,250.4474,433,525
1700000001010798134,SYM2,49.9918,50.0018,472,467
1700000001011870106,SYM3,1002.9229,1003.0232,569,500
1700000001012949301,SYM0,99.5750,99.5850,453,673
1700000001014035101,SYM1,250.3814,250.4064,352,261
1700000001015082726,SYM2,50.0002,50.0102,305,581
1700000001016163959,SYM3,1002.7735,1002.8738,340,377
1700000001017211577,SYM0,99.5730,99.5830,432,506
1700000001018256320,SYM1,250.3460,250.3710,385,699
1700000001019294591,SYM2,49.9910,50.0010,458,826
1700000001020359134,SYM3,1003.0384,1003.1387,676,722
1700000001021453711,SYM0,99.5601,99.5701,566,526
1700000001022505209,SYM1,250.3699,250.3950,563,863
1700000001023530189,SYM2,49.9900,50.0000,434,277
1700000001024618288,SYM3,1003.2731,1003.3734,322,380
1700000001025677337,SYM0,99.5345,99.5445,555,230
1700000001026677906,SYM1,250.3665,250.3916,455,491
1700000001027734636,SYM2,49.9961,50.0061,373,254
1700000001028757863,SYM3,1003.2494,1003.3498,467,420
1700000001029774691,SYM0,99.5577,99.5677,652,406
1700000001030825110,SYM1,250.3392,250.3643,349,611
1700000001031915880,SYM2,49.9967,50.0067,393,1085
1700000001032975236,SYM3,1003.1287,1003.2290,528,428
1700000001034054211,SYM0,99.5475,99.5575,311,434
1700000001035095356,SYM1,250.4135,250.4385,423,252
1700000001036178270,SYM2,49.9981,50.0081,611,451
1700000001037266400,SYM3,1002.8307,1002.9310,686,709
1700000001038289707,SYM0,99.5168,99.5268,494,468
1700000001039335876,SYM1,250.4357,250.4608,346,429
1700000001040423322,SYM2,49.9944,50.0044,323,669
1700000001041478686,SYM3,1002.6774,1002.7777,569,355
1700000001042481999,SYM0,99.5120,99.5220,534,624
1700000001043503094,SYM1,250.4495,250.4745,786,477
1700000001044522287,SYM2,50.0025,50.0125,338,434
1700000001045526522,SYM3,1002.9997,1003.1000,406,645
1700000001046607277,SYM0,99.5341,99.5441,347,692
1700000001047680844,SYM1,250.3875,250.4126,379,629
1700000001048772087,SYM2,49.9991,50.0091,769,652
1700000001049861891,SYM3,1002.9112,1003.0115,432,710
1700000001050863591,SYM0,99.5335,99.5435,408,749
1700000001051921665,SYM1,250.3146,250.3397,687,280
1700000001053014023,SYM2,49.9967,50.0067,378,329
1700000001054039775,SYM3,1002.7380,1002.8383,567,232
1700000001055078334,SYM0,99.4795,99.4895,656,992
1700000001056174683,SYM1,250.3725,250.3975,373,487
1700000001057230849,SYM2,49.9952,50.0052,629,680
1700000001058231589,SYM3,1003.0668,1003.1671,397,755
1700000001059251880,SYM0,99.5238,99.5338,593,327
1700000001060333849,SYM1,250.3231,250.3482,359,372
1700000001061398147,SYM2,49.9984,50.0084,346,762
1700000001062467012,SYM3,1003.2059,1003.3063,518,603
1700000001063475949,SYM0,99.5264,99.5364,420,372
1700000001064521746,SYM1,250.3095,250.3346,519,613
1700000001065565247,SYM2,49.9943,50.0043,622,743
1700000001066627488,SYM3,1003.1204,1003.2207,874,494
1700000001067712594,SYM0,99.5560,99.5660,512,270
1700000001068793034,SYM1,250.3459,250.3709,608,448
1700000001069798261,SYM2,49.9907,50.0007,393,933
1700000001070848839,SYM3,1002.8769,1002.9772,490,808
1700000001071852078,SYM0,99.5874,99.5974,372,341
1700000001072910479,SYM1,250.4097,250.4347,389,510
1700000001073995877,SYM2,49.9949,50.0049,700,593
1700000001075066391,SYM3,1002.8381,1002.9384,331,458
1700000001076094019,SYM0,99.5709,99.5809,317,615
1700000001077107641,SYM1,250.3702,250.3952,583,859
1700000001078204815,SYM2,49.9972,50.0072,326,793
1700000001079224968,SYM3,1002.7152,1002.8155,801,536
1700000001080229934,SYM0,99.5766,99.5866,526,555
1700000001081305296,SYM1,250.3087,250.3337,666,276
1700000001082358726,SYM2,49.9865,49.9965,657,475
1700000001083446977,SYM3,1002.7304,1002.8306,512,511
1700000001084541387,SYM0,99.5520,99.5620,355,335
1700000001085550902,SYM1,250.2688,250.2938,400,659
1700000001086588892,SYM2,49.9884,49.9984,390,774
1700000001087646260,SYM3,1002.9069,1003.0072,331,729
1700000001088650300,SYM0,99.5277,99.5377,531,608
1700000001089721830,SYM1,250.3065,250.3315,444,752
1700000001090760897,SYM2,49.9786,49.9886,275,572
1700000001091809804,SYM3,1002.5956,1002.6959,522,494
1700000001092882559,SYM0,99.5314,99.5414,535,381
1700000001093954325,SYM1,250.2844,250.3094,636,459
1700000001095052406,SYM2,49.9778,49.9878,308,583
1700000001096119588,SYM3,1003.0189,1003.1192,563,580
1700000001097200445,SYM0,99.5380,99.5480,421,626
1700000001098207574,SYM1,250.3659,250.3910,756,285
1700000001099279514,SYM2,49.9655,49.9755,547,486
1700000001100292386,SYM3,1003.0913,1003.1917,568,726
1700000001101335752,SYM0,99.5195,99.5295,709,512
1700000001102344902,SYM1,250.4068,250.4318,618,428
1700000001103403970,SYM2,49.9586,49.9686,737,470
1700000001104478270,SYM3,1002.9832,1003.0835,420,608
1700000001105534410,SYM0,99.5279,99.5379,627,555
1700000001106618406,SYM1,250.3297,250.3548,294,625
1700000001107636010,SYM2,49.9547,49.9647,392,361
1700000001108676049,SYM3,1003.0105,1003.1109,433,505
1700000001109760663,SYM0,99.4980,99.5080,349,554
1700000001110831261,SYM1,250.3084,250.3334,587,792
1700000001111913394,SYM2,49.9583,49.9683,528,712
1700000001112917483,SYM3,1003.0384,1003.1387,581,347
1700000001113994821,SYM0,99.4992,99.5092,541,479
1700000001115065558,SYM1,250.4142,250.4393,300,547
1700000001116113507,SYM2,49.9418,49.9518,742,303
1700000001117131056,SYM3,1002.8272,1002.9275,352,541
1700000001118183064,SYM0,99.4973,99.5073,516,527
1700000001119263547,SYM1,250.5431,250.5682,408,314
1700000001120281946,SYM2,49.9359,49.9459,532,759
1700000001121301109,SYM3,1002.7340,1002.8343,484,354
1700000001122348138,SYM0,99.5300,99.5400,568,513
1700000001123378812,SYM1,250.5821,250.6072,608,527
1700000001124426162,SYM2,49.9189,49.9289,771,532
1700000001125511166,SYM3,1002.6952,1002.7955,405,759
1700000001126579504,SYM0,99.5193,99.5293,418,490
1700000001127654237,SYM1,250.5163,250.5414,611,736
1700000001128702118,SYM2,49.9007,49.9107,357,611
1700000001129731334,SYM3,1002.7670,1002.8672,378,485
1700000001130776559,SYM0,99.4966,99.5066,514,377
1700000001131794774,SYM1,250.4803,250.5053,408,541
1700000001132862216,SYM2,49.8964,49.9064,425,558
1700000001133956235,SYM3,1002.9424,1003.0427,598,334
1700000001135010580,SYM0,99.5085,99.5185,320,355
1700000001136038198,SYM1,250.4869,250.5120,347,395
1700000001137092056,SYM2,49.8993,49.9093,506,426
1700000001138174572,SYM3,1002.8895,1002.9897,266,475
1700000001139193822,SYM0,99.5229,99.5329,541,689
1700000001140272381,SYM1,250.6012,250.6263,760,460
1700000001141366694,SYM2,49.8968,49.9068,288,609
1700000001142446193,SYM3,1002.8439,1002.9441,913,486
1700000001143468550,SYM0,99.5268,99.5368,676,640
1700000001144492390,SYM1,250.6530,250.6780,386,389
1700000001145514374,SYM2,49.8953,49.9053,381,340
1700000001146544497,SYM3,1002.9211,1003.0214,445,558
1700000001147546668,SYM0,99.5385,99.5485,882,365
1700000001148566272,SYM1,250.6515,250.6766,431,445
1700000001149646849,SYM2,49.8788,49.8888,348,305
1700000001150659064,SYM3,1002.8554,1002.9556,427,508
1700000001151738163,SYM0,99.5375,99.5475,498,759
1700000001152794721,SYM1,250.6227,250.6478,375,480
1700000001153800415,SYM2,49.8753,49.8853,370,687
1700000001154850385,SYM3,1002.7685,1002.8688,363,774
1700000001155950202,SYM0,99.5511,99.5611,357,407
1700000001156980678,SYM1,250.6401,250.6651,555,467
1700000001158059098,SYM2,49.8827,49.8927,403,596
1700000001159060031,SYM3,1003.0609,1003.1612,437,465
1700000001160060974,SYM0,99.5416,99.5516,577,554
1700000001161074945,SYM1,250.5916,250.6167,639,716
1700000001162108190,SYM2,49.8818,49.8918,724,342
1700000001163197399,SYM3,1002.9518,1003.0521,425,564
1700000001164269765,SYM0,99.5464,99.5564,357,384
1700000001165303029,SYM1,250.6381,250.6631,740,485
1700000001166395500,SYM2,49.8774,49.8874,551,552
1700000001167425617,SYM3,1002.8756,1002.9759,322,582
1700000001168446824,SYM0,99.5656,99.5756,617,564
1700000001169527306,SYM1,250.5503,250.5754,428,320
1700000001170548375,SYM2,49.8665,49.8765,657,602
1700000001171610198,SYM3,1002.5238,1002.6241,665,432
1700000001172618598,SYM0,99.5640,99.5740,666,344
1700000001173671112,SYM1,250.4994,250.5245,379,393
1700000001174764384,SYM2,49.8699,49.8799,488,513
1700000001175829182,SYM3,1002.4007,1002.5009,414,539
1700000001176915282,SYM0,99.5858,99.5958,429,597
1700000001177982201,SYM1,250.5819,250.6070,402,489
1700000001179004416,SYM2,49.8656,49.8756,388,315
1700000001180015799,SYM3,1001.9488,1002.0490,842,494
1700000001181062085,SYM0,99.5760,99.5860,382,508
1700000001182154311,SYM1,250.5903,250.6154,562,528
1700000001183191601,SYM2,49.8636,49.8736,342,393
1700000001184227844,SYM3,1001.8566,1001.9568,560,1071
1700000001185287451,SYM0,99.5995,99.6095,422,489
1700000001186301406,SYM1,250.6414,250.6665,359,440
1700000001187345967,SYM2,49.8806,49.8906,419,902
1700000001188421320,SYM3,1001.7466,1001.8468,499,691
1700000001189470745,SYM0,99.5680,99.5780,409,518
1700000001190530888,SYM1,250.5138,250.5389,383,279
1700000001191534473,SYM2,49.8730,49.8830,513,337
1700000001192563359,SYM3,1001.9841,1002.0843,454,411
1700000001193604743,SYM0,99.5522,99.5622,578,317
1700000001194639261,SYM1,250.4965,250.5216,500,570
1700000001195727564,SYM2,49.8729,49.8829,379,418
1700000001196768704,SYM3,1001.9418,1002.0420,340,829
1700000001197803973,SYM0,99.5657,99.5757,786,596
1700000001198900588,SYM1,250.4827,250.5078,582,795
1700000001199935376,SYM2,49.8747,49.8847,607,500
1700000001200955823,SYM3,1002.2201,1002.3203,513,430
1700000001201966111,SYM0,99.5525,99.5625,336,340
1700000001203037084,SYM1,250.4269,250.4519,877,429
1700000001204085738,SYM2,49.8663,49.8763,393,945
1700000001205121748,SYM3,1002.1809,1002.2811,210,525
1700000001206188744,SYM0,99.5498,99.5598,616,457
1700000001207244211,SYM1,250.4191,250.4442,345,526
1700000001208310072,SYM2,49.8549,49.8649,814,527
1700000001209325849,SYM3,1001.9622,1002.0624,449,364
1700000001210416186,SYM0,99.5796,99.5896,512,452
1700000001211463582,SYM1,250.4350,250.4600,419,429
1700000001212535484,SYM2,49.8543,49.8643,633,652
1700000001213559590,SYM3,1001.9149,1002.0151,406,500
1700000001214651434,SYM0,99.5799,99.5899,375,383
1700000001215726330,SYM1,250.4671,250.4921,652,667
1700000001216756289,SYM2,49.8605,49.8705,321,567
1700000001217806213,SYM3,1001.6744,1001.7746,597,830
1700000001218903016,SYM0,99.6012,99.6112,775,585
1700000001219985677,SYM1,250.5199,250.5449,310,475
1700000001221049460,SYM2,49.8566,49.8666,721,379
1700000001222139971,SYM3,1001.5909,1001.6911,557,597
1700000001223173302,SYM0,99.5734,99.5834,532,386
1700000001224220615,SYM1,250.5339,250.5589,391,671
1700000001225254395,SYM2,49.8508,49.8608,646,382
1700000001226333770,SYM3,1001.8342,1001.9344,565,725
1700000001227418853,SYM0,99.5195,99.5295,409,472
1700000001228485758,SYM1,250.5773,250.6023,306,519
1700000001229496036,SYM2,49.8448,49.8548,591,446
1700000001230518001,SYM3,1001.7517,1001.8519,322,293
1700000001231573290,SYM0,99.5019,99.5119,375,534
1700000001232594524,SYM1,250.5616,250.5866,432,620
1700000001233680116,SYM2,49.8428,49.8528,628,431
1700000001234738430,SYM3,1001.6260,1001.7262,573,249
1700000001235836459,SYM0,99.4578,99.4678,333,424
1700000001236839487,SYM1,250.5780,250.6031,583,583
1700000001237872471,SYM2,49.8572,49.8672,421,586
1700000001238885973,SYM3,1001.6844,1001.7845,894,744
1700000001239947995,SYM0,99.4534,99.4634,489,332
1700000001240958907,SYM1,250.6294,250.6545,695,643
1700000001241969958,SYM2,49.8455,49.8555,298,460
1700000001243007206,SYM3,1001.8250,1001.9252,432,528
1700000001244076248,SYM0,99.4559,99.4659,470,367
1700000001245118873,SYM1,250.5443,250.5694,623,388
1700000001246189729,SYM2,49.8571,49.8671,430,810
1700000001247260415,SYM3,1002.1914,1002.2916,598,718
1700000001248343128,SYM0,99.4557,99.4657,270,337
1700000001249413093,SYM1,250.5728,250.5978,451,647
1700000001250483829,SYM2,49.8577,49.8677,568,447
1700000001251504240,SYM3,1002.3845,1002.4848,499,501
1700000001252603632,SYM0,99.4662,99.4762,399,481
1700000001253668111,SYM1,250.5740,250.5991,690,447
1700000001254669309,SYM2,49.8595,49.8695,293,322
1700000001255741165,SYM3,1002.1797,1002.2799,402,623
1700000001256814638,SYM0,99.4523,99.4623,545,454
1700000001257864231,SYM1,250.5035,250.5286,511,563
1700000001258946194,SYM2,49.8606,49.8706,831,791
1700000001260035932,SYM3,1001.9846,1002.0848,471,768
1700000001261105655,SYM0,99.4597,99.4697,374,561
1700000001262143613,SYM1,250.4782,250.5033,644,617
1700000001263202959,SYM2,49.8587,49.8687,757,511
1700000001264209465,SYM3,1002.0213,1002.1215,532,494
1700000001265222871,SYM0,99.4576,99.4676,582,482
1700000001266234694,SYM1,250.4807,250.5057,613,664
1700000001267279510,SYM2,49.8433,49.8533,643,374
1700000001268370859,SYM3,1002.0232,1002.1234,535,385
1700000001269469238,SYM0,99.4641,99.4741,484,509
1700000001270530862,SYM1,250.4616,250.4867,652,892
1700000001271563641,SYM2,49.8510,49.8610,299,723
1700000001272596273,SYM3,1002.2609,1002.3611,271,857
1700000001273628670,SYM0,99.4637,99.4737,462,303
1700000001274696977,SYM1,250.4826,250.5076,450,418
1700000001275747981,SYM2,49.8474,49.8574,394,414
1700000001276753511,SYM3,1002.5140,1002.6143,493,342
1700000001277769521,SYM0,99.4631,99.4731,766,609
1700000001278856907,SYM1,250.5819,250.6070,514,577
1700000001279939864,SYM2,49.8458,49.8558,510,557
1700000001280991744,SYM3,1002.2585,1002.3588,504,480
1700000001281997249,SYM0,99.4365,99.4465,399,468
1700000001283008978,SYM1,250.5550,250.5801,501,711
1700000001284098887,SYM2,49.8289,49.8389,312,761
1700000001285106722,SYM3,1002.2532,1002.3534,449,573
1700000001286177023,SYM0,99.4391,99.4491,430,548
1700000001287261519,SYM1,250.6959,250.7210,511,290
1700000001288319023,SYM2,49.8286,49.8386,469,353
1700000001289351883,SYM3,1002.4768,1002.5770,660,407
1700000001290409228,SYM0,99.4160,99.4260,436,339
1700000001291480482,SYM1,250.7000,250.7250,377,744
1700000001292516570,SYM2,49.8377,49.8477,370,560
1700000001293586188,SYM3,1002.3857,1002.4860,575,615
1700000001294620706,SYM0,99.3948,99.4048,459,529
1700000001295716868,SYM1,250.6412,250.6663,511,527
1700000001296764589,SYM2,49.8389,49.8489,401,461
1700000001297835232,SYM3,1002.0968,1002.1970,542,419
1700000001298924784,SYM0,99.3697,99.3797,502,409
1700000001300008789,SYM1,250.6124,250.6374,471,564
1700000001301095152,SYM2,49.8562,49.8662,630,759
1700000001302121639,SYM3,1002.3936,1002.4938,582,564
1700000001303125810,SYM0,99.3356,99.3456,390,409
1700000001304217733,SYM1,250.5611,250.5862,461,475
1700000001305246664,SYM2,49.8532,49.8632,465,602
1700000001306311074,SYM3,1002.3353,1002.4356,832,390
1700000001307372424,SYM0,99.3378,99.3478,452,258
1700000001308426944,SYM1,250.5189,250.5440,631,309
1700000001309434586,SYM2,49.8567,49.8667,404,558
1700000001310474420,SYM3,1002.3547,1002.4549,601,551
1700000001311542510,SYM0,99.3639,99.3739,659,413
1700000001312611480,SYM1,250.5125,250.5376,403,361
1700000001313634929,SYM2,49.8448,49.8548,435,493
1700000001314710501,SYM3,1002.0130,1002.1132,405,647
1700000001315797696,SYM0,99.3556,99.3656,532,552
1700000001316863848,SYM1,250.4515,250.4765,456,580
1700000001317942481,SYM2,49.8361,49.8461,551,345
1700000001318985035,SYM3,1002.5806,1002.6809,594,387
1700000001320068036,SYM0,99.3266,99.3366,613,370
1700000001321096076,SYM1,250.4109,250.4359,382,653
1700000001322193670,SYM2,49.8355,49.8455,1075,375
1700000001323288870,SYM3,1002.6459,1002.7462,635,527
1700000001324291007,SYM0,99.2641,99.2741,450,461
1700000001325320091,SYM1,250.4510,250.4760,529,644
1700000001326410494,SYM2,49.8453,49.8553,273,338
1700000001327485417,SYM3,1002.6275,1002.7278,524,535
1700000001328532034,SYM0,99.2727,99.2827,608,595
1700000001329565621,SYM1,250.4267,250.4517,525,442
1700000001330618024,SYM2,49.8389,49.8489,457,632
1700000001331681271,SYM3,1002.7103,1002.8106,649,821
1700000001332771658,SYM0,99.2620,99.2720,294,713
1700000001333776557,SYM1,250.4672,250.4923,476,338
1700000001334786844,SYM2,49.8432,49.8532,257,365
1700000001335843770,SYM3,1003.0665,1003.1668,296,676
1700000001336873487,SYM0,99.2614,99.2714,278,733
1700000001337956350,SYM1,250.4364,250.4615,413,593
1700000001338961748,SYM2,49.8377,49.8477,710,403
1700000001339981828,SYM3,1003.3414,1003.4418,793,582
1700000001341033324,SYM0,99.2941,99.3041,456,445
1700000001342089939,SYM1,250.4265,250.4516,464,668
1700000001343107266,SYM2,49.8319,49.8419,669,494
1700000001344141680,SYM3,1003.0886,1003.1890,678,598
1700000001345233152,SYM0,99.3014,99.3114,562,361
1700000001346318644,SYM1,250.4054,250.4305,353,423
1700000001347415070,SYM2,49.8246,49.8346,483,484
1700000001348504820,SYM3,1003.3003,1003.4006,561,471
1700000001349592868,SYM0,99.2852,99.2952,579,552
1700000001350678774,SYM1,250.4483,250.4733,643,519
1700000001351724613,SYM2,49.8020,49.8120,272,427
1700000001352730496,SYM3,1003.3403,1003.4407,607,452
1700000001353820328,SYM0,99.2617,99.2717,716,546
1700000001354827477,SYM1,250.4287,250.4538,509,759
1700000001355846834,SYM2,49.8145,49.8245,332,791
1700000001356861420,SYM3,1003.3669,1003.4673,445,687
1700000001357904920,SYM0,99.2680,99.2780,717,555
1700000001358938823,SYM1,250.4872,250.5122,335,440
1700000001359957350,SYM2,49.8095,49.8195,328,313
1700000001361026399,SYM3,1003.6724,1003.7728,596,525
1700000001362063626,SYM0,99.2773,99.2873,777,478
1700000001363064719,SYM1,250.5427,250.5678,748,598
1700000001364151618,SYM2,49.8183,49.8283,351,519
1700000001365236738,SYM3,1003.6428,1003.7431,265,865
1700000001366303394,SYM0,99.2863,99.2963,490,392
1700000001367373067,SYM1,250.6349,250.6600,592,555
1700000001368433097,SYM2,49.8037,49.8137,419,964
1700000001369473065,SYM3,1003.7549,1003.8553,430,648
1700000001370493644,SYM0,99.3163,99.3263,526,427
1700000001371559345,SYM1,250.6685,250.6936,491,555
1700000001372593120,SYM2,49.8188,49.8288,323,514
1700000001373665858,SYM3,1003.7098,1003.8102,612,467
1700000001374710657,SYM0,99.3395,99.3495,383,642
1700000001375799524,SYM1,250.6943,250.7193,363,380
1700000001376829334,SYM2,49.8075,49.8175,607,396
1700000001377908681,SYM3,1003.7873,1003.8877,417,695
1700000001378935782,SYM0,99.3244,99.3344,361,460
1700000001379953885,SYM1,250.6634,250.6885,421,774
1700000001381022542,SYM2,49.8164,49.8264,421,770
1700000001382108556,SYM3,1003.6011,1003.7014,921,380
1700000001383150171,SYM0,99.3468,99.3568,582,482
1700000001384169245,SYM1,250.6320,250.6571,464,301
1700000001385223515,SYM2,49.8247,49.8347,470,492
1700000001386306988,SYM3,1003.2285,1003.3288,622,453
1700000001387331621,SYM0,99.3567,99.3667,563,516
1700000001388366600,SYM1,250.5633,250.5883,361,387
1700000001389444767,SYM2,49.8264,49.8364,787,374
1700000001390507237,SYM3,1003.4655,1003.5658,735,771
1700000001391568679,SYM0,99.3522,99.3622,377,616
1700000001392586704,SYM1,250.5166,250.5416,558,601
1700000001393640259,SYM2,49.8265,49.8365,474,481
1700000001394737563,SYM3,1003.6710,1003.7714,454,418
1700000001395764376,SYM0,99.3938,99.4038,659,911
1700000001396828594,SYM1,250.5075,250.5326,397,286
1700000001397860941,SYM2,49.8110,49.8210,628,323
1700000001398955340,SYM3,1003.4362,1003.5366,426,731
1700000001400052657,SYM0,99.3716,99.3816,425,372
1700000001401057705,SYM1,250.4468,250.4719,360,479
1700000001402063265,SYM2,49.8164,49.8264,427,216
1700000001403068410,SYM3,1003.3004,1003.4007,356,439
1700000001404151071,SYM0,99.3841,99.3941,477,280
1700000001405188547,SYM1,250.4854,250.5105,368,539
1700000001406268912,SYM2,49.8297,49.8397,399,658
1700000001407353598,SYM3,1003.1729,1003.2733,316,577
1700000001408368432,SYM0,99.3954,99.4054,716,672
1700000001409419953,SYM1,250.4466,250.4716,377,592
1700000001410443399,SYM2,49.8094,49.8194,600,818
1700000001411455220,SYM3,1002.9201,1003.0204,499,792
1700000001412548474,SYM0,99.4045,99.4145,316,555
1700000001413607378,SYM1,250.4639,250.4889,459,454
1700000001414700083,SYM2,49.7963,49.8063,711,240
1700000001415749718,SYM3,1002.8842,1002.9845,459,486
1700000001416772117,SYM0,99.4264,99.4364,408,456
1700000001417791071,SYM1,250.4398,250.4649,613,766
1700000001418846067,SYM2,49.7905,49.8005,787,635
1700000001419869752,SYM3,1002.8440,1002.9443,562,556
1700000001420896341,SYM0,99.4603,99.4703,505,710
1700000001421961700,SYM1,250.4443,250.4694,484,495
1700000001423026380,SYM2,49.7915,49.8015,745,368
1700000001424036788,SYM3,1002.8753,1002.9756,486,489
1700000001425108530,SYM0,99.4553,99.4653,757,545
1700000001426132758,SYM1,250.4134,250.4384,648,709
1700000001427137572,SYM2,49.7931,49.8031,531,348
1700000001428180972,SYM3,1002.7468,1002.8471,543,477
1700000001429235624,SYM0,99.4671,99.4771,496,454
1700000001430327355,SYM1,250.4854,250.5104,323,371
1700000001431350610,SYM2,49.8093,49.8193,450,474
1700000001432389840,SYM3,1002.7885,1002.8888,376,888
1700000001433398710,SYM0,99.4692,99.4792,280,682
1700000001434414704,SYM1,250.5078,250.5328,460,398
1700000001435483786,SYM2,49.8034,49.8134,556,513
1700000001436558677,SYM3,1002.8557,1002.9560,473,328
1700000001437570169,SYM0,99.4389,99.4489,524,1117
1700000001438607812,SYM1,250.4486,250.4736,296,646
1700000001439641847,SYM2,49.7714,49.7814,428,454
1700000001440715593,SYM3,1002.9397,1003.0400,307,505
1700000001441780833,SYM0,99.4264,99.4364,504,347
1700000001442806203,SYM1,250.3987,250.4237,534,500
1700000001443888184,SYM2,49.7761,49.7861,312,558
1700000001444942531,SYM3,1003.2071,1003.3074,396,574
1700000001446015986,SYM0,99.4312,99.4412,411,373
1700000001447049334,SYM1,250.3394,250.3645,533,389
1700000001448115747,SYM2,49.7599,49.7699,426,613
1700000001449167658,SYM3,1003.3256,1003.4259,467,331
1700000001450171475,SYM0,99.4376,99.4476,421,703
1700000001451234273,SYM1,250.2416,250.2666,794,381
1700000001452318900,SYM2,49.7638,49.7738,570,279
1700000001453362824,SYM3,1003.4240,1003.5243,292,568
1700000001454460157,SYM0,99.4603,99.4703,566,330
1700000001455532926,SYM1,250.2117,250.2367,409,477
1700000001456622775,SYM2,49.7529,49.7629,894,516
1700000001457642345,SYM3,1003.3527,1003.4531,492,538
1700000001458691529,SYM0,99.4335,99.4435,331,382
1700000001459769542,SYM1,250.1903,250.2153,737,710
1700000001460809950,SYM2,49.7505,49.7605,389,677
1700000001461875100,SYM3,1003.3937,1003.4940,615,408
1700000001462914767,SYM0,99.4370,99.4470,641,746
1700000001463941257,SYM1,250.2471,250.2722,660,422
1700000001464944526,SYM2,49.7570,49.7670,268,583
1700000001466007896,SYM3,1003.5444,1003.6448,480,347
1700000001467050801,SYM0,99.4621,99.4721,805,681
1700000001468139500,SYM1,250.1410,250.1661,612,495
1700000001469144292,SYM2,49.7418,49.7518,563,486
1700000001470150064,SYM3,1003.5419,1003.6422,428,344
1700000001471161478,SYM0,99.4412,99.4512,862,751
1700000001472259200,SYM1,250.1925,250.2175,430,719
1700000001473300114,SYM2,49.7374,49.7474,427,539
1700000001474369881,SYM3,1003.6989,1003.7993,436,670
1700000001475385302,SYM0,99.4396,99.4496,594,883
1700000001476458654,SYM1,250.2756,250.3006,408,491
1700000001477504571,SYM2,49.7299,49.7399,464,830
1700000001478579818,SYM3,1003.5725,1003.6729,501,561
1700000001479660200,SYM0,99.4589,99.4689,395,535
1700000001480748739,SYM1,250.2794,250.3045,661,548
1700000001481760027,SYM2,49.7243,49.7343,543,359
1700000001482850484,SYM3,1003.4197,1003.5201,439,337
1700000001483891437,SYM0,99.4524,99.4624,594,514
1700000001484901733,SYM1,250.1884,250.2135,821,460
1700000001485962773,SYM2,49.7203,49.7303,473,580
1700000001486975522,SYM3,1003.1256,1003.2259,322,566
1700000001488068612,SYM0,99.4547,99.4647,357,585
1700000001489149476,SYM1,250.1794,250.2044,492,664
1700000001490173509,SYM2,49.7157,49.7257,327,580
1700000001491232922,SYM3,1002.7229,1002.8231,447,504
1700000001492247719,SYM0,99.4415,99.4515,653,638
1700000001493326945,SYM1,250.2546,250.2796,363,425
1700000001494380120,SYM2,49.7230,49.7330,306,409
1700000001495419720,SYM3,1002.9809,1003.0812,371,469
1700000001496473911,SYM0,99.4426,99.4526,625,602
1700000001497482570,SYM1,250.3029,250.3279,371,794
1700000001498560030,SYM2,49.6977,49.7077,711,389
1700000001499651012,SYM3,1002.9057,1003.0059,519,776
1700000001500661222,SYM0,99.4405,99.4505,311,539
1700000001501739351,SYM1,250.2818,250.3068,344,546
1700000001502797707,SYM2,49.7088,49.7188,977,569
1700000001503875880,SYM3,1002.9464,1003.0467,519,374
1700000001504940669,SYM0,99.4362,99.4462,459,516
1700000001506016792,SYM1,250.3086,250.3336,709,391
1700000001507016817,SYM2,49.7095,49.7195,321,393
1700000001508097502,SYM3,1002.9949,1003.0952,419,455
1700000001509186830,SYM0,99.4482,99.4582,419,566
1700000001510243811,SYM1,250.2360,250.2610,437,260
1700000001511255515,SYM2,49.6976,49.7076,407,279
1700000001512294075,SYM3,1002.9694,1003.0697,907,639
1700000001513301039,SYM0,99.4737,99.4837,501,577
1700000001514338029,SYM1,250.2328,250.2578,578,424
1700000001515430071,SYM2,49.6859,49.6959,399,464
1700000001516487113,SYM3,1002.7706,1002.8709,327,441
1700000001517549356,SYM0,99.4900,99.5000,670,584
1700000001518604044,SYM1,250.1934,250.2184,899,1175
1700000001519691871,SYM2,49.6869,49.6969,516,452
1700000001520755664,SYM3,1002.6808,1002.7811,320,252
1700000001521773461,SYM0,99.5146,99.5246,621,375
1700000001522864608,SYM1,250.2212,250.2463,389,412
1700000001523888175,SYM2,49.6769,49.6869,546,567
1700000001524917764,SYM3,1002.5020,1002.6023,587,728
1700000001525993516,SYM0,99.4823,99.4923,502,472
1700000001527065104,SYM1,250.1827,250.2077,466,482
1700000001528070068,SYM2,49.6628,49.6728,411,648
1700000001529160573,SYM3,1002.6520,1002.7523,765,631
1700000001530229571,SYM0,99.5391,99.5491,457,531
1700000001531239826,SYM1,250.1277,250.1527,332,470
1700000001532271969,SYM2,49.6467,49.6567,544,562
1700000001533355028,SYM3,1002.6321,1002.7324,340,454
1700000001534435381,SYM0,99.5564,99.5664,546,531
1700000001535502577,SYM1,250.0723,250.0973,692,402
1700000001536546030,SYM2,49.6245,49.6345,719,538
1700000001537550661,SYM3,1002.4740,1002.5742,435,341
1700000001538590517,SYM0,99.5527,99.5627,341,684
1700000001539612679,SYM1,250.0936,250.1186,337,411
1700000001540650920,SYM2,49.6295,49.6395,338,485
1700000001541717190,SYM3,1002.5550,1002.6552,795,638
1700000001542750227,SYM0,99.5636,99.5736,598,516
1700000001543764849,SYM1,250.0870,250.1120,296,335
1700000001544861707,SYM2,49.6358,49.6458,651,543
1700000001545953559,SYM3,1002.4091,1002.5094,508,603
1700000001547022685,SYM0,99.5754,99.5854,405,577
1700000001548042890,SYM1,250.1012,250.1262,649,326
1700000001549097016,SYM2,49.6367,49.6467,401,335
1700000001550124654,SYM3,1002.5140,1002.6142,300,381
1700000001551131775,SYM0,99.5544,99.5644,337,572
1700000001552184040,SYM1,250.1214,250.1464,356,526
1700000001553282663,SYM2,49.6431,49.6531,451,443
1700000001554317086,SYM3,1002.3317,1002.4320,724,807
1700000001555318641,SYM0,99.5459,99.5559,841,412
1700000001556388143,SYM1,250.1508,250.1758,482,461
1700000001557457781,SYM2,49.6270,49.6370,282,271
1700000001558493510,SYM3,1002.5181,1002.6184,443,612
1700000001559506392,SYM0,99.5450,99.5550,743,323
1700000001560538085,SYM1,250.1690,250.1940,480,335
1700000001561563635,SYM2,49.6122,49.6222,472,648
1700000001562565022,SYM3,1002.5107,1002.6110,383,302
1700000001563566590,SYM0,99.5244,99.5344,606,447
1700000001564661651,SYM1,250.1262,250.1512,480,605
1700000001565664758,SYM2,49.6097,49.6197,466,295
1700000001566693178,SYM3,1002.2739,1002.3741,751,438
1700000001567785987,SYM0,99.5325,99.5425,483,397
1700000001568870910,SYM1,250.0965,250.1215,243,364
1700000001569885439,SYM2,49.6072,49.6172,402,251
1700000001570969166,SYM3,1002.3708,1002.4711,195,663
1700000001572025132,SYM0,99.5220,99.5320,329,514
1700000001573034831,SYM1,250.0582,250.0832,490,555
1700000001574085765,SYM2,49.6054,49.6154,547,626
1700000001575143513,SYM3,1002.3276,1002.4278,1066,711
1700000001576169816,SYM0,99.5124,99.5224,443,423
1700000001577226342,SYM1,250.0596,250.0846,544,762
1700000001578284221,SYM2,49.6044,49.6144,436,709
1700000001579317068,SYM3,1002.4430,1002.5432,504,472
1700000001580382303,SYM0,99.5293,99.5393,706,749
1700000001581417226,SYM1,250.0293,250.0543,584,622
1700000001582468519,SYM2,49.5938,49.6038,424,691
1700000001583525674,SYM3,1002.3571,1002.4574,335,658
1700000001584534863,SYM0,99.5278,99.5378,496,850
1700000001585598049,SYM1,250.0031,250.0281,654,646
1700000001586645094,SYM2,49.5896,49.5996,623,1308
1700000001587729908,SYM3,1002.5895,1002.6898,683,610
1700000001588774481,SYM0,99.5471,99.5571,587,522
1700000001589797631,SYM1,249.9313,249.9563,238,384
1700000001590884235,SYM2,49.5951,49.6051,769,700
1700000001591931325,SYM3,1002.4181,1002.5184,268,527
1700000001592988733,SYM0,99.5461,99.5561,424,591
1700000001594066452,SYM1,250.0060,250.0310,510,672
1700000001595137304,SYM2,49.5879,49.5979,379,853
1700000001596139456,SYM3,1002.3381,1002.4383,552,511
1700000001597233961,SYM0,99.5557,99.5657,520,584
1700000001598294041,SYM1,249.9365,249.9615,878,400
1700000001599364370,SYM2,49.5956,49.6056,687,537
1700000001600382929,SYM3,1002.3131,1002.4133,471,502
1700000001601463981,SYM0,99.5854,99.5954,570,567
1700000001602470530,SYM1,249.9590,249.9840,791,365
1700000001603483283,SYM2,49.5898,49.5998,525,313
1700000001604497221,SYM3,1002.1129,1002.2131,677,651
1700000001605577913,SYM0,99.5920,99.6020,851,306
1700000001606674635,SYM1,249.9998,250.0249,445,393
1700000001607764300,SYM2,49.5850,49.5950,463,658
1700000001608770276,SYM3,1001.8083,1001.9085,398,430
1700000001609786103,SYM0,99.5870,99.5970,823,576
1700000001610807731,SYM1,250.0417,250.0667,265,646
1700000001611813066,SYM2,49.5967,49.6067,741,410
1700000001612833744,SYM3,1001.6646,1001.7648,705,517
1700000001613834577,SYM0,99.6324,99.6424,515,448
1700000001614871767,SYM1,249.9770,250.0020,312,657
1700000001615934159,SYM2,49.5943,49.6043,413,396
1700000001616988165,SYM3,1001.4770,1001.5771,506,601
1700000001618078825,SYM0,99.6446,99.6546,522,239
1700000001619161033,SYM1,249.9771,250.0021,562,399
1700000001620215925,SYM2,49.6016,49.6116,503,656
1700000001621228467,SYM3,1001.6427,1001.7428,322,333
1700000001622299210,SYM0,99.6224,99.6324,492,433
1700000001623306166,SYM1,249.9527,249.9777,601,826
1700000001624395983,SYM2,49.6137,49.6237,288,418
1700000001625401635,SYM3,1001.6445,1001.7447,654,549
1700000001626429107,SYM0,99.6059,99.6159,557,593
1700000001627434785,SYM1,249.8735,249.8985,540,530
1700000001628505218,SYM2,49.6216,49.6316,800,431
1700000001629536060,SYM3,1001.6539,1001.7540,465,336
1700000001630578786,SYM0,99.5771,99.5871,637,595
1700000001631593222,SYM1,249.8520,249.8770,469,564
1700000001632689921,SYM2,49.6159,49.6259,555,547
1700000001633766611,SYM3,1001.6045,1001.7046,266,531
1700000001634785609,SYM0,99.5828,99.5928,747,567
1700000001635845606,SYM1,249.8954,249.9204,461,329
1700000001636880956,SYM2,49.6174,49.6274,580,481
1700000001637898848,SYM3,1001.5388,1001.6389,646,620
1700000001638953666,SYM0,99.5915,99.6015,637,680
1700000001640037290,SYM1,249.8509,249.8759,932,413
1700000001641113066,SYM2,49.6366,49.6466,447,829
1700000001642177189,SYM3,1001.7430,1001.8432,572,426
1700000001643239251,SYM0,99.5999,99.6099,406,470
1700000001644271581,SYM1,249.7700,249.7950,502,688
1700000001645300733,SYM2,49.6469,49.6569,388,630
1700000001646301399,SYM3,1001.9537,1002.0539,462,522
1700000001647363089,SYM0,99.5974,99.6074,351,382
1700000001648454401,SYM1,249.7925,249.8175,576,371
1700000001649485926,SYM2,49.6613,49.6713,642,449
1700000001650514501,SYM3,1001.7619,1001.8621,591,602
1700000001651599389,SYM0,99.6010,99.6110,499,458
1700000001652659589,SYM1,249.7666,249.7916,683,339
1700000001653662789,SYM2,49.6723,49.6823,475,675
1700000001654687031,SYM3,1002.0008,1002.1010,537,378
1700000001655747888,SYM0,99.6007,99.6107,492,406
1700000001656838427,SYM1,249.7313,249.7563,481,534
1700000001657894251,SYM2,49.6726,49.6826,314,370
1700000001658921403,SYM3,1001.8305,1001.9307,514,443
1700000001659965404,SYM0,99.6001,99.6101,452,763
1700000001660972163,SYM1,249.7061,249.7311,622,600
1700000001662053315,SYM2,49.6818,49.6918,537,377
1700000001663126815,SYM3,1001.5794,1001.6796,474,410
1700000001664170715,SYM0,99.6008,99.6108,579,247
1700000001665246753,SYM1,249.7220,249.7470,690,356
1700000001666345473,SYM2,49.6815,49.6915,403,433
1700000001667434632,SYM3,1001.7057,1001.8058,457,523
1700000001668483498,SYM0,99.5879,99.5979,665,429
1700000001669576537,SYM1,249.7177,249.7427,288,447
1700000001670614845,SYM2,49.6725,49.6825,544,403
1700000001671623447,SYM3,1001.4328,1001.5329,632,889
1700000001672634891,SYM0,99.6251,99.6351,681,417
1700000001673649226,SYM1,249.8393,249.8642,538,567
1700000001674668619,SYM2,49.6522,49.6622,507,329
1700000001675707046,SYM3,1001.3963,1001.4965,337,627
1700000001676724352,SYM0,99.6046,99.6146,526,497
1700000001677749133,SYM1,249.8289,249.8539,876,632
1700000001678779585,SYM2,49.6583,49.6683,365,408
1700000001679865537,SYM3,1001.6223,1001.7224,425,404
1700000001680943310,SYM0,99.5923,99.6023,363,364
1700000001682017661,SYM1,249.8123,249.8373,715,738
1700000001683040171,SYM2,49.6601,49.6701,405,421
1700000001684046374,SYM3,1001.7413,1001.8415,578,608
1700000001685068180,SYM0,99.5836,99.5936,443,415
1700000001686091165,SYM1,249.8053,249.8303,639,338
1700000001687178506,SYM2,49.6617,49.6717,421,1016
1700000001688253811,SYM3,1002.1694,1002.2696,588,590
1700000001689277994,SYM0,99.5923,99.6023,785,328
1700000001690297386,SYM1,249.6863,249.7112,385,653
1700000001691318698,SYM2,49.6567,49.6667,484,992
1700000001692337754,SYM3,1002.2417,1002.3420,958,400
1700000001693358209,SYM0,99.6249,99.6349,506,652
1700000001694450674,SYM1,249.6794,249.7044,417,922
1700000001695549524,SYM2,49.6696,49.6796,476,631
1700000001696607472,SYM3,1002.4482,1002.5485,462,566
1700000001697670254,SYM0,99.6337,99.6437,454,391
1700000001698722897,SYM1,249.6659,249.6909,427,433
1700000001699769742,SYM2,49.6724,49.6824,528,389
1700000001700798859,SYM3,1002.2424,1002.3427,552,302
1700000001701824512,SYM0,99.6583,99.6683,527,327
1700000001702835965,SYM1,249.6910,249.7160,672,477
1700000001703900252,SYM2,49.6668,49.6768,725,924
1700000001704947578,SYM3,1002.0898,1002.1900,341,665
1700000001706003630,SYM0,99.6451,99.6551,617,470
1700000001707062033,SYM1,249.7364,249.7613,547,456
1700000001708157435,SYM2,49.6793,49.6893,363,377
1700000001709178904,SYM3,1002.1994,1002.2996,656,236
1700000001710234457,SYM0,99.6424,99.6524,367,615
1700000001711253285,SYM1,249.6784,249.7034,546,694
1700000001712322138,SYM2,49.6829,49.6929,495,814
1700000001713333732,SYM3,1002.1159,1002.2161,766,508
1700000001714369558,SYM0,99.6206,99.6306,607,441
1700000001715387506,SYM1,249.5973,249.6222,597,856
1700000001716425447,SYM2,49.6802,49.6902,485,649
1700000001717465282,SYM3,1001.7785,1001.8787,305,509
1700000001718494711,SYM0,99.6219,99.6319,501,471
1700000001719578147,SYM1,249.7217,249.7467,325,538
1700000001720615855,SYM2,49.6701,49.6801,594,458
1700000001721631500,SYM3,1001.6397,1001.7399,516,352
1700000001722640246,SYM0,99.6066,99.6166,423,363
1700000001723674051,SYM1,249.7282,249.7532,394,391
1700000001724765048,SYM2,49.6741,49.6841,384,496
1700000001725799067,SYM3,1001.6022,1001.7024,527,546
1700000001726840969,SYM0,99.5769,99.5869,559,470
1700000001727888308,SYM1,249.7411,249.7661,280,688
1700000001728934968,SYM2,49.6820,49.6920,538,462
1700000001729960372,SYM3,1001.5409,1001.6410,509,413
1700000001730972760,SYM0,99.5671,99.5771,449,445
1700000001732062541,SYM1,249.7802,249.8052,538,398
1700000001733154025,SYM2,49.6803,49.6903,441,306
1700000001734155716,SYM3,1001.3611,1001.4613,586,601
1700000001735219273,SYM0,99.5289,99.5389,713,557
1700000001736285253,SYM1,249.8101,249.8351,517,605
1700000001737358478,SYM2,49.6661,49.6761,345,347
1700000001738430714,SYM3,1001.3215,1001.4216,426,298
1700000001739485417,SYM0,99.5212,99.5312,514,664
1700000001740548269,SYM1,249.7073,249.7323,383,727
1700000001741566490,SYM2,49.6747,49.6847,281,329
1700000001742611323,SYM3,1001.1257,1001.2258,563,626
1700000001743708901,SYM0,99.5268,99.5368,411,554
1700000001744738599,SYM1,249.6856,249.7106,464,606
1700000001745748902,SYM2,49.6597,49.6697,630,522
1700000001746812375,SYM3,1001.1509,1001.2510,502,457
1700000001747826507,SYM0,99.5554,99.5654,547,377
1700000001748859670,SYM1,249.6546,249.6796,638,535
1700000001749861017,SYM2,49.6602,49.6702,296,597
1700000001750887235,SYM3,1001.0855,1001.1857,558,645
1700000001751899134,SYM0,99.5755,99.5855,741,467
1700000001752945298,SYM1,249.7194,249.7443,603,674
1700000001754040792,SYM2,49.6512,49.6612,396,828
1700000001755042625,SYM3,1001.2398,1001.3399,313,458
1700000001756079569,SYM0,99.5913,99.6013,778,809
1700000001757107621,SYM1,249.7216,249.7465,836,377
1700000001758169843,SYM2,49.6424,49.6524,673,248
1700000001759193548,SYM3,1001.4263,1001.5264,768,241
1700000001760249135,SYM0,99.5944,99.6044,616,965
1700000001761265338,SYM1,249.8155,249.8405,350,540
1700000001762330326,SYM2,49.6436,49.6536,313,461
1700000001763373333,SYM3,1001.4060,1001.5061,372,505
1700000001764433226,SYM0,99.5805,99.5905,429,689
1700000001765505829,SYM1,249.8075,249.8324,241,806
1700000001766561923,SYM2,49.6450,49.6550,555,601
1700000001767650939,SYM3,1001.2147,1001.3148,484,518
1700000001768739303,SYM0,99.5712,99.5812,503,332
1700000001769750445,SYM1,249.8353,249.8602,623,613
1700000001770841545,SYM2,49.6411,49.6511,463,1046
1700000001771850027,SYM3,1000.9646,1001.0648,438,581
1700000001772876276,SYM0,99.5208,99.5308,298,753
1700000001773971330,SYM1,249.9017,249.9267,300,501
1700000001775047604,SYM2,49.6272,49.6372,377,626
1700000001776094279,SYM3,1000.5096,1000.6097,334,531
1700000001777147291,SYM0,99.5446,99.5546,486,609
1700000001778163307,SYM1,249.9457,249.9707,499,710
1700000001779245669,SYM2,49.6295,49.6395,487,478
1700000001780310961,SYM3,1000.1339,1000.2339,352,242
1700000001781361114,SYM0,99.5305,99.5405,424,436
1700000001782460752,SYM1,250.0118,250.0368,779,630
1700000001783525265,SYM2,49.6313,49.6413,411,416
1700000001784559562,SYM3,999.9363,1000.0363,295,432
1700000001785630411,SYM0,99.4835,99.4935,403,683
1700000001786646027,SYM1,250.0222,250.0472,411,595
1700000001787695355,SYM2,49.6288,49.6388,514,607
1700000001788735076,SYM3,1000.1994,1000.2994,572,443
1700000001789791527,SYM0,99.5044,99.5144,713,432
1700000001790880004,SYM1,250.0241,250.0491,341,511
1700000001791950704,SYM2,49.6186,49.6286,430,621
1700000001793002004,SYM3,1000.0109,1000.1109,483,745
1700000001794051523,SYM0,99.4907,99.5007,414,649
1700000001795055213,SYM1,250.0180,250.0430,437,459
1700000001796103240,SYM2,49.6091,49.6191,747,932
1700000001797147970,SYM3,1000.0818,1000.1818,396,620
1700000001798194811,SYM0,99.4849,99.4949,527,503
1700000001799235719,SYM1,250.0546,250.0796,288,348
1700000001800244305,SYM2,49.6124,49.6224,448,598
1700000001801249205,SYM3,1000.2996,1000.3996,279,578
1700000001802323661,SYM0,99.4642,99.4742,485,699
1700000001803326576,SYM1,250.0618,250.0868,668,487
1700000001804377734,SYM2,49.6105,49.6205,564,316
1700000001805404723,SYM3,1000.3220,1000.4220,416,677
1700000001806492199,SYM0,99.4495,99.4595,709,405
1700000001807557336,SYM1,250.1023,250.1273,292,271
1700000001808567209,SYM2,49.6171,49.6271,365,489
1700000001809642382,SYM3,1000.3827,1000.4828,419,565
1700000001810739754,SYM0,99.4801,99.4901,441,350
1700000001811775585,SYM1,250.0707,250.0957,817,623
1700000001812837880,SYM2,49.6089,49.6189,565,820
1700000001813904025,SYM3,1000.5554,1000.6555,556,369
1700000001814974798,SYM0,99.4721,99.4821,665,498
1700000001816062821,SYM1,250.1309,250.1559,508,414
1700000001817065260,SYM2,49.6005,49.6105,385,573
1700000001818151874,SYM3,1000.7723,1000.8724,808,445
1700000001819213124,SYM0,99.4689,99.4789,764,618
1700000001820269974,SYM1,250.0396,250.0646,778,412
1700000001821277823,SYM2,49.5912,49.6012,480,554
1700000001822367648,SYM3,1000.8638,1000.9639,528,281
1700000001823421422,SYM0,99.4532,99.4632,835,602
1700000001824475482,SYM1,250.0529,250.0779,487,639
1700000001825496531,SYM2,49.5907,49.6007,750,442
1700000001826521686,SYM3,1000.9186,1001.0187,847,548
1700000001827562390,SYM0,99.4284,99.4384,544,335
1700000001828567241,SYM1,250.0811,250.1061,536,628
1700000001829571061,SYM2,49.5897,49.5997,858,451
1700000001830576597,SYM3,1000.8141,1000.9141,700,462
1700000001831579207,SYM0,99.4682,99.4782,621,453
1700000001832587541,SYM1,250.1198,250.1448,641,417
1700000001833635178,SYM2,49.5800,49.5900,288,316
1700000001834653602,SYM3,1001.0452,1001.1454,517,737
1700000001835719171,SYM0,99.4903,99.5003,430,709
1700000001836788018,SYM1,250.0123,250.0373,496,932
1700000001837819224,SYM2,49.5661,49.5761,369,401
1700000001838915856,SYM3,1001.3940,1001.4942,340,687
1700000001839946781,SYM0,99.5031,99.5131,460,588
1700000001840982767,SYM1,250.0339,250.0589,403,544
1700000001842060032,SYM2,49.5776,49.5876,567,477
1700000001843131564,SYM3,1001.3009,1001.4010,334,616
1700000001844167968,SYM0,99.5371,99.5471,307,366
1700000001845208361,SYM1,250.0940,250.1190,1086,554
1700000001846287767,SYM2,49.5935,49.6035,556,515
1700000001847375795,SYM3,1001.2369,1001.3370,512,730
1700000001848416332,SYM0,99.5172,99.5272,349,726
1700000001849486444,SYM1,250.0506,250.0756,743,322
1700000001850537362,SYM2,49.6187,49.6287,519,913
1700000001851576801,SYM3,1001.0399,1001.1400,800,674
1700000001852607664,SYM0,99.5057,99.5157,882,594
1700000001853649238,SYM1,250.0960,250.1210,725,351
1700000001854702492,SYM2,49.6207,49.6307,396,789
1700000001855766940,SYM3,1001.2078,1001.3079,368,528
1700000001856810551,SYM0,99.4974,99.5074,274,635
1700000001857902103,SYM1,250.0117,250.0367,496,558
1700000001858957268,SYM2,49.6061,49.6161,359,487
1700000001859960853,SYM3,1000.9884,1001.0885,516,325
1700000001860984937,SYM0,99.4733,99.4833,339,610
1700000001862067290,SYM1,250.0498,250.0748,437,723
1700000001863081817,SYM2,49.6126,49.6226,676,871
1700000001864098869,SYM3,1000.9170,1001.0171,649,343
1700000001865140734,SYM0,99.4347,99.4447,600,565
1700000001866218463,SYM1,250.0728,250.0978,641,310
1700000001867244503,SYM2,49.6208,49.6308,578,397
1700000001868319266,SYM3,1001.0378,1001.1379,561,1027
1700000001869392474,SYM0,99.4179,99.4279,357,983
1700000001870418462,SYM1,249.9981,250.0231,478,897
1700000001871424988,SYM2,49.6123,49.6223,601,495
1700000001872473213,SYM3,1001.1241,1001.2243,602,702
1700000001873475064,SYM0,99.4137,99.4237,365,667
1700000001874563356,SYM1,249.9716,249.9966,403,503
1700000001875589983,SYM2,49.6195,49.6295,871,525
1700000001876654755,SYM3,1000.9625,1001.0626,395,620
1700000001877681836,SYM0,99.3612,99.3712,280,455
1700000001878736668,SYM1,250.0452,250.0702,626,809
1700000001879740440,SYM2,49.6176,49.6276,626,308
1700000001880788890,SYM3,1000.6683,1000.7684,343,403
1700000001881800128,SYM0,99.3718,99.3818,505,407
1700000001882890156,SYM1,250.1141,250.1391,535,666
1700000001883945638,SYM2,49.6169,49.6269,397,545
1700000001884989267,SYM3,1000.7075,1000.8076,679,433
1700000001886035707,SYM0,99.4189,99.4289,492,743
1700000001887133781,SYM1,250.1003,250.1253,505,485
1700000001888199913,SYM2,49.6107,49.6207,420,398
1700000001889273256,SYM3,1000.8259,1000.9260,600,524
1700000001890295521,SYM0,99.3730,99.3830,491,560
1700000001891337113,SYM1,250.0818,250.1068,462,366
1700000001892371245,SYM2,49.6130,49.6230,531,762
1700000001893408077,SYM3,1001.1179,1001.2180,495,252
1700000001894445161,SYM0,99.3857,99.3957,437,694
1700000001895512922,SYM1,249.9815,250.0065,391,897
1700000001896554281,SYM2,49.6120,49.6220,353,719
1700000001897640451,SYM3,1001.0392,1001.1393,404,391
1700000001898665214,SYM0,99.3943,99.4043,595,627
1700000001899757746,SYM1,249.9901,250.0151,432,515
1700000001900822615,SYM2,49.6210,49.6310,537,457
1700000001901887232,SYM3,1000.8161,1000.9162,719,682
1700000001902906638,SYM0,99.4005,99.4105,548,568
1700000001903928697,SYM1,249.9669,249.9919,499,286
1700000001905002523,SYM2,49.6312,49.6412,388,250
1700000001906071469,SYM3,1000.5484,1000.6485,510,414
1700000001907081540,SYM0,99.4011,99.4111,711,624
1700000001908118802,SYM1,249.9918,250.0168,413,331
1700000001909170467,SYM2,49.6152,49.6252,818,615
1700000001910174252,SYM3,1000.6578,1000.7578,819,658
1700000001911260700,SYM0,99.3734,99.3834,527,474
1700000001912303879,SYM1,250.0645,250.0895,769,460
1700000001913363268,SYM2,49.6079,49.6179,771,464
1700000001914437869,SYM3,1000.1575,1000.2576,754,772
1700000001915522233,SYM0,99.3660,99.3760,845,492
1700000001916601177,SYM1,250.0016,250.0266,400,613
1700000001917624510,SYM2,49.6090,49.6190,835,476
1700000001918651803,SYM3,1000.1817,1000.2817,655,780
1700000001919689151,SYM0,99.3363,99.3463,275,576
1700000001920745822,SYM1,250.0363,250.0613,470,254
1700000001921835602,SYM2,49.6015,49.6115,421,633
1700000001922861800,SYM3,1000.2904,1000.3905,268,520
1700000001923924248,SYM0,99.3332,99.3432,748,651
1700000001924972514,SYM1,250.0645,250.0895,392,405
1700000001926028353,SYM2,49.6115,49.6215,609,779
1700000001927113237,SYM3,1000.2402,1000.3402,467,425
1700000001928178160,SYM0,99.3049,99.3149,464,669
1700000001929188539,SYM1,250.0928,250.1178,665,414
1700000001930208018,SYM2,49.6265,49.6365,477,465
1700000001931264082,SYM3,1000.3839,1000.4840,486,547
1700000001932274114,SYM0,99.3256,99.3356,418,367
1700000001933335018,SYM1,250.0893,250.1143,406,359
1700000001934368230,SYM2,49.6184,49.6284,684,503
1700000001935465291,SYM3,1000.3480,1000.4480,452,425
1700000001936489174,SYM0,99.3290,99.3390,463,333
1700000001937530324,SYM1,250.1285,250.1536,377,420
1700000001938618177,SYM2,49.6012,49.6112,591,347
1700000001939642713,SYM3,1000.7239,1000.8240,514,562
1700000001940721888,SYM0,99.3272,99.3372,782,474
1700000001941773653,SYM1,250.1324,250.1574,573,565
1700000001942836191,SYM2,49.5914,49.6014,539,381
1700000001943931338,SYM3,1000.4474,1000.5475,330,517
1700000001945012176,SYM0,99.3082,99.3182,705,447
1700000001946051846,SYM1,250.0857,250.1107,573,544
1700000001947076855,SYM2,49.5928,49.6028,517,896
1700000001948104280,SYM3,1000.3745,1000.4746,423,510
1700000001949135971,SYM0,99.2825,99.2925,589,524
1700000001950175413,SYM1,250.0542,250.0792,510,422
1700000001951230710,SYM2,49.5987,49.6087,512,654
1700000001952294287,SYM3,1000.6294,1000.7294,278,555
1700000001953370994,SYM0,99.2833,99.2933,642,576
1700000001954414753,SYM1,250.0104,250.0354,763,510
1700000001955508220,SYM2,49.5894,49.5994,568,337
1700000001956604044,SYM3,1000.6365,1000.7366,395,460
1700000001957667942,SYM0,99.2641,99.2741,618,447
1700000001958731893,SYM1,249.8949,249.9199,506,555
1700000001959734386,SYM2,49.5817,49.5917,565,896
1700000001960789062,SYM3,1000.8008,1000.9009,560,454
1700000001961870681,SYM0,99.2811,99.2911,450,490
1700000001962908432,SYM1,249.8852,249.9102,475,358
1700000001963965857,SYM2,49.5825,49.5925,616,629
1700000001965044776,SYM3,1000.7023,1000.8024,666,342
1700000001966106179,SYM0,99.2923,99.3023,600,416
1700000001967194405,SYM1,249.7623,249.7872,424,396
1700000001968256314,SYM2,49.5884,49.5984,288,419
1700000001969354521,SYM3,1000.5893,1000.6894,671,597
1700000001970377235,SYM0,99.3008,99.3108,737,642
1700000001971441949,SYM1,249.7930,249.8179,467,607
1700000001972448116,SYM2,49.5978,49.6078,499,484
1700000001973471017,SYM3,1000.8895,1000.9896,674,285
1700000001974475208,SYM0,99.3071,99.3171,387,588
1700000001975548869,SYM1,249.8165,249.8415,519,628
1700000001976593476,SYM2,49.6014,49.6114,302,524
1700000001977613292,SYM3,1000.6361,1000.7362,723,307
1700000001978692498,SYM0,99.2920,99.3020,331,667
1700000001979752416,SYM1,249.7926,249.8176,816,444
1700000001980766296,SYM2,49.6041,49.6141,334,545
1700000001981840021,SYM3,1000.5641,1000.6641,573,518
1700000001982922587,SYM0,99.3019,99.3119,573,365
1700000001984015408,SYM1,249.8542,249.8792,358,568
1700000001985111426,SYM2,49.6081,49.6181,440,347
1700000001986127546,SYM3,1000.8436,1000.9437,603,384
1700000001987182040,SYM0,99.3022,99.3122,483,594
1700000001988219626,SYM1,249.8055,249.8305,440,498
1700000001989268442,SYM2,49.6059,49.6159,369,428
1700000001990367167,SYM3,1000.7345,1000.8346,503,365
1700000001991397076,SYM0,99.3158,99.3258,636,873
1700000001992464730,SYM1,249.7529,249.7779,540,380
1700000001993468632,SYM2,49.5899,49.5999,599,464
1700000001994477753,SYM3,1000.4979,1000.5980,625,570
1700000001995499292,SYM0,99.2976,99.3076,564,967
1700000001996519078,SYM1,249.7790,249.8040,544,471
1700000001997601865,SYM2,49.6076,49.6176,467,885
1700000001998656825,SYM3,1000.1203,1000.2203,345,649
1700000001999729388,SYM0,99.3199,99.3299,355,449
1700000002000766060,SYM1,249.8212,249.8462,697,392
1700000002001785310,SYM2,49.6043,49.6143,366,555
1700000002002866338,SYM3,1000.3613,1000.4613,382,342
1700000002003951372,SYM0,99.3090,99.3190,559,487
1700000002004995215,SYM1,249.8342,249.8592,345,678
1700000002006011731,SYM2,49.5920,49.6020,476,542
1700000002007052659,SYM3,1000.5946,1000.6947,303,467
1700000002008073635,SYM0,99.3503,99.3603,548,399
1700000002009113474,SYM1,249.8246,249.8496,439,208
1700000002010127950,SYM2,49.5898,49.5998,282,489
1700000002011144179,SYM3,1000.8324,1000.9325,757,568
1700000002012160531,SYM0,99.3258,99.3358,565,656
1700000002013191477,SYM1,249.8261,249.8511,679,214
1700000002014265611,SYM2,49.5847,49.5947,250,373
1700000002015296261,SYM3,1000.4994,1000.5995,432,609
1700000002016389959,SYM0,99.3160,99.3260,464,351
1700000002017403752,SYM1,249.8830,249.9079,415,709
1700000002018451105,SYM2,49.5793,49.5893,524,379
1700000002019463197,SYM3,1000.5922,1000.6923,893,635
1700000002020525621,SYM0,99.3177,99.3277,562,436
1700000002021598887,SYM1,249.8375,249.8625,370,482
1700000002022633450,SYM2,49.5672,49.5772,403,790
1700000002023697616,SYM3,1000.5855,1000.6856,482,366
1700000002024718961,SYM0,99.3241,99.3341,565,481
1700000002025811305,SYM1,249.8120,249.8369,346,484
1700000002026902331,SYM2,49.5698,49.5798,695,492
1700000002027950741,SYM3,1000.1052,1000.2052,571,465
1700000002029004300,SYM0,99.3388,99.3488,601,457
1700000002030019733,SYM1,249.8709,249.8959,264,972
1700000002031059482,SYM2,49.5691,49.5791,535,693
1700000002032114763,SYM3,1000.3789,1000.4790,916,605
1700000002033151920,SYM0,99.3467,99.3567,859,429
1700000002034197619,SYM1,249.8727,249.8977,543,519
1700000002035260688,SYM2,49.5576,49.5676,421,763
1700000002036322978,SYM3,1000.1744,1000.2744,666,306
1700000002037340386,SYM0,99.3484,99.3584,350,363
1700000002038399248,SYM1,249.8859,249.9109,666,738
1700000002039410955,SYM2,49.5622,49.5722,327,415
1700000002040462781,SYM3,1000.2527,1000.3528,476,540
